3328 5326
682 388 804 447 384
1545 409 1550 415 ·
1616 384 2129 445 THUCYDIDES.

682 578 919 649 αὐτῶν
954 587 1315 661 monstret,
1356 576 1482 647 sed
1520 576 1728 646 etiam
1766 597 1881 645 res
1917 576 2064 668 ipsa
2102 576 2286 645 illam
2316 574 2731 645 sententiam
2772 574 3046 666 flagitet,

682 682 777 752 ad
826 680 1175 773 Euripidis
1224 680 1515 750 Oresten
1561 702 1626 749 V.
1679 680 1849 752 632.
1897 678 2347 749 incidendum
2398 700 2555 748 esse
2604 688 2762 770 post
2798 679 2893 747 evi
2936 679 3052 746 αὐ·

681 782 880 872 τούς,
926 783 1467 875 addendumque
1504 783 1576 854 δὲ
1612 794 1772 852 ante
1811 779 2242 877 Κερκυραῖοι
2295 781 2475 851 dixi:
2536 782 2662 851 sed
2710 781 3051 851 debebam

683 890 890 959 etiam
928 909 1291 958 removere
1330 886 1498 957 illud
1534 886 1633 972 δὲ,
1678 885 1868 979 quod
1903 897 2062 979 post
2104 882 2754 979 προςκαθεζόμενοι
2797 895 2940 968 est,
2985 895 3056 953 ut
3268 875 3274 956 i

681 992 782 1062 sic
834 991 1251 1084 procederet
1296 990 1553 1060 oratio:
1624 995 1692 1058 οἱ
1738 989 1810 1060 δὲ
1849 985 2301 1079 Ἐπιδάμνιοι
2349 989 2547 1059 οὐδὲν
2600 989 2841 1059 αὐτῶν
2882 984 3060 1083 ὑπή-
3268 1009 3274 1132 J

680 1119 976 1181 κουσαν,
1046 1094 1219 1164 ἀλλὰ
1286 1090 1805 1187 στρατεύουσιν
1866 1092 1963 1163 ἐπ’
2021 1092 2307 1169 αὐτοὺς.
2381 1097 2449 1161 οἱ
2500 1092 2572 1161 δὲ
2619 1096 3059 1186 Κερκυραῖοι

680 1196 1214 1291 τεσσαράκοντα
1249 1196 1456 1270 ναυσὶ
1494 1196 1676 1287 μετὰ
1715 1198 1858 1266 τῶν
1898 1194 2228 1287 φυγάδων
2267 1196 2358 1272 (ὃς
2386 1191 2813 1277 κατάξοντες
2850 1220 3055 1288 προς-

680 1297 1141 1392 καθεζόμενοι
1167 1299 1299 1395 τήν
1327 1296 1559 1383 πόλιν,
1592 1304 1933 1393 προεῖπον
1955 1298 2431 1389 Ἐπιδαμνίων
2459 1324 2530 1368 τε
2563 1298 2692 1368 τὸν
2718 1295 3059 1389 βουλόμε-
3264 1349 3274 1568 Ι

681 1430 805 1474 νον
841 1405 957 1473 καὶ
995 1400 1170 1480 τούς
1204 1405 1440 1485 ξένους
1478 1405 1784 1478 ἀπαθεῖς
1821 1403 2124 1473 ἀπιέναι.

886 1507 954 1576 C.
1003 1510 1122 1578 38.
1165 1507 1379 1598 vulgo
1425 1528 1564 1576 non
1612 1508 1795 1577 male
1854 1506 2135 1597 legitur:
2208 1505 2353 1575 οὐδ’
2423 1501 3059 1598 ἐπιστρατεύοιμεν

679 1611 1060 1704 εὐπρεπῶς,
1102 1608 1199 1705 μὴ
1239 1609 1355 1680 καὶ
1396 1607 1877 1705 διαφερόντως
1913 1637 1982 1678 τι-
2021 1605 2501 1699 ἀδικούμενοι.
2566 1608 2708 1678 Sed
2737 1620 2905 1677 cum
2945 1630 3059 1678 co-

679 1713 873 1784 dices
909 1711 1510 1808 ἑπιστρατεύομεν
1548 1723 1620 1783 et
1653 1713 2031 1807 ἐκπρεπῶς,
2076 1712 2264 1803 quod
2294 1712 2407 1781 hic
2433 1712 2717 1804 quidem
2745 1713 3055 1805 ineptum
3254 1673 3267 1980 d

678 1828 808 1901 est,
848 1818 1184 1900 habeant,
1238 1827 1431 1886 recte
1482 1817 1763 1887 videtur
1802 1814 2271 1886 Schneiderus
2308 1817 2380 1884 in
2417 1817 2644 1885 lexico
2682 1813 3059 1910 διαφερόν-

677 1946 816 1997 τως
868 1932 942 1991 ut
993 1922 1632 2013 interpretationem
1686 1919 2138 2004 eiiciendum,
2203 1919 2272 1988 in
2324 1919 2479 1989 eius
2530 1920 2764 1990 locum
2826 1930 3058 1990 autem

676 2024 1028 2118 ἐκπρεπῶς
1065 2024 1621 2096 transferendum
1664 2024 2031 2095 indicasse.

886 2126 957 2197 C.
1011 2131 1127 2199 39.
1221 2127 1548 2197 Corinthii
1603 2127 1790 2220 apud
1841 2125 2309 2195 Athenienses
2357 2125 2449 2194 ita
2506 2126 2599 2195 de
2649 2125 3061 2219 Corcyraeis

677 2240 1001 2301 censent:
1062 2233 1185 2308 οὓς
1235 2232 1414 2326 χρῆν
1449 2231 1566 2301 ὅτε
1619 2232 2145 2321 ἀσφαλέστατα
2187 2224 2398 2323 ἦσαν,
2448 2226 2614 2299 τότε
2657 2234 3055 2324 προςιέναι,

676 2335 794 2404 καὶ
847 2334 945 2429 μὴ
999 2328 1085 2406 ἐν
1120 2331 1176 2425 ᾧ
1228 2336 1431 2431 ἡμεῖς
1478 2333 1610 2426 μὲν
1655 2327 2100 2460 ἠδικήμεθα,3
2156 2329 2359 2402 οὗτοι
2413 2332 2485 2401 δὲ
2535 2331 3052 2420 κινδυνεύουσι,

674 2438 838 2532 μηὸ
890 2442 966 2507 ἐν
1002 2435 1062 2529 ᾧ
1093 2440 1296 2528 ὑμεῖς
1329 2438 1455 2532 τῆς
1490 2464 1569 2507 τε
1604 2434 1964 2525 δυνάμεως
2014 2437 2253 2505 αὐτῶν
2289 2431 2458 2506 τότε
2496 2438 2578 2505 οὐ
2616 2434 3059 2528 μεταλαβόν·

677 2565 789 2615 τες
837 2541 964 2634 τῆς
1020 2538 1356 2630 ὠφελείας
1405 2542 1535 2609 νῦν
1585 2535 2057 2631 μεταὸὥσετε,
2125 2538 2242 2608 καὶ
2311 2539 2457 2609 τῶν
2515 2537 3061 2636 ἁμαρτημάτων

484 2672 537 2722 p
559 2660 656 2708 369
679 2635 1184 2733 ἀπογενόμενοι
1225 2644 1352 2741 τῆς
1398 2643 1513 2735 ἀφ’
1565 2643 1769 2739 ἡμῶν
1819 2639 2055 2720 αἰτίας
2106 2643 2193 2713 τὸ
2251 2645 2406 2713 ἴσον
2457 2647 2676 2729 ἕξετε,
2733 2643 2961 2715 πάλαι
2993 2643 3060 2714 δὲ

578 2800 586 2813 .
677 2741 1155 2822 κοινώσαντας
1199 2746 1330 2842 τὴν
1382 2744 1684 2835 δύναμιν
1732 2744 1933 2816 κοινοὶ
1983 2773 2101 2815 και
2151 2746 2245 2816 τά
2283 2745 2797 2870 ἀποβαίνοντα
2846 2748 3054 2836 ἔχειν,

676 2845 1127 2943 ἐγκλημάτων
1178 2848 1251 2919 ds*
1294 2845 1538 2941 μόνων
1589 2848 1948 2939 ἀμετόχως
1989 2849 2175 2919 ου’τω
2214 2851 2357 2919 τῶν
2392 2849 2573 2941 μετὰ
2607 2850 2735 2926 τὰς
2770 2849 3059 2945 προέξεις

675 2948 958 3023 τούτων
991 2979 1087 3048 μη
1127 2958 1513 3023 κοινωνεῖν.
1590 2952 1780 3022 Haec
1818 2974 1997 3044 quae
2034 2963 2195 3045 post
2231 2952 2434 3022 κοινὰ
2470 2953 2588 3022 καὶ
2624 2952 2714 3023 τὰ
2755 2953 3057 3046 ἀποβαί-

674 3082 897 3126 νοντα
933 3055 1111 3145 ἔχειν
1151 3057 1407 3149 scripta
1444 3067 1633 3141 sunt,
1693 3078 1832 3126 non
1888 3056 2334 3127 inveniuntur
2370 3057 2438 3125 in
2476 3056 2756 3148 optimis
2791 3058 3060 3128 codici-

673 3161 824 3230 bus.
912 3160 1108 3243 Quae
1157 3170 1389 3230 tamen
1442 3181 1602 3230 cum
1638 3182 1780 3230 non
1817 3160 2187 3231 videantur
2223 3161 2618 3252 interpretis
2656 3181 3055 3232 sermonem

674 3263 995 3355 prodere,
1052 3266 1395 3334 assentior
1447 3284 1579 3355 ego
1631 3265 1797 3348 illis,
1846 3263 1970 3355 qui
2006 3265 2352 3334 servanda
2391 3263 2815 3348 iudicarunt,
2854 3275 3055 3358 puto—

673 3389 809 3457 que
848 3367 942 3435 ab
975 3368 1257 3456 antiquo
1300 3369 1408 3436 vel
1451 3368 1728 3437 librario
1768 3369 1879 3443 vel
1918 3368 2159 3437 critico
2196 3378 2569 3460 propterea
2604 3368 2834 3438 eiecta
2874 3389 3051 3450 esse,

672 3469 862 3561 quod
899 3469 1023 3553 sic,
1063 3471 1161 3539 uti
1198 3471 1453 3563 scripta
1490 3481 1710 3556 erant,
1750 3471 2149 3541 necessario
2179 3470 2270 3540 de
2301 3469 2731 3563 CorcyraeiS,
2762 3495 2935 3557 non,
2966 3473 3053 3543 de

670 3573 921 3664 quibus
950 3572 1325 3656 debebant,
1356 3572 1447 3643 de
1476 3574 2018 3646 Atheniensibus
2045 3574 2233 3645 dicta
2260 3584 2513 3644 essent.
2574 3574 2664 3644 At
2691 3575 2762 3644 id
2793 3578 3050 3646 factum

671 3687 820 3746 erat
858 3697 1118 3761 errore,
1158 3698 1296 3767 quo
1332 3678 1626 3747 verbum
1683 3678 2064 3749 exciderat.
2153 3678 2264 3747 Sic
2314 3679 2496 3747 enim
2556 3678 2832 3750 videtur
2881 3679 3050 3750 scri-

670 3781 893 3874 psisse
947 3779 1423 3877 Thucydides:
1515 3780 1962 3876 εἷγκλημάτων
2024 3780 2097 3851 δὲ
2149 3778 2391 3871 μόνων
2447 3780 2811 3872 ἀμετόχως
2867 3784 3049 3853 οὕτω

669 3885 813 3953 τῶν
849 3883 1033 3974 μετὰ
1068 3883 1197 3960 τὰς
1232 3881 1517 3977 πράξεις
1553 3882 1832 3955 τούτων
1868 3885 1964 3980 μὴ
2002 3882 2346 3976 βούλεσθε
2381 3892 2768 3955 κοινωνεῖν.

875 3982 946 4056 C.
986 3986 1103 4058 57.
1136 3988 1227 4058 de
1264 3987 1803 4059 Atheniensibus
1841 3989 2170 4081 scriptum
2209 3997 2345 4057 est:
2405 3988 2653 4077 ἔτυχον
2685 3987 2821 4084 γὰρ
2848 3986 3046 4084 τριά-

671 4115 886 4159 κοντα
932 4091 1106 4168 ναῦς
1158 4092 1707 4168 ἀποστέλλοντες
1754 4092 1869 4161 καὶ
1921 4090 2184 4179 χιλίους
2231 4089 2527 4167 ὁπλίτας
2575 4093 2687 4161 ἐπὶ
2739 4093 2873 4188 τὴν
2919 4092 3047 4187 γῆν

670 4193 896 4262 αὐτοῦ
930 4193 1443 4289 Ἀρχεστράτου
1492 4196 1636 4285 μετ’
1695 4194 1919 4265 ἄλλων
1975 4197 2135 4275 δέκα
2202 4196 2802 4290 στρατηγοῦντος.
2895 4197 3044 4266 lure

670 4296 957 4366 miratur
995 4296 1066 4366 C.
1102 4297 1180 4367 G.
1213 4299 1599 4390 KrugeruS,
1639 4298 1756 4389 qui
1793 4319 1977 4368 nunc
2016 4298 2495 4390 Thucydidem
2535 4298 2856 4373 brevibus
2890 4299 3041 4390 qui-

669 4400 855 4483 dem,
896 4399 1024 4469 sed
1063 4401 1697 4485 consideratissime
1732 4402 2006 4495 scriptis
2035 4401 2597 4472 adnotationibus
2636 4402 3038 4472 instructum

668 4504 855 4589 edit,
914 4504 1327 4575 insolentem
1378 4505 1737 4590 undecim,
1809 4514 2017 4598 atque
2081 4505 2298 4589 ade0,
2359 4527 2520 4577 cum
2573 4506 2683 4575 alii
2737 4507 3035 4598 quinque

669 4630 820 4701 cap.
855 4611 975 4679 61.
1010 4607 1374 4693 accedant,
1414 4608 1721 4682 sedecim
1758 4621 2158 4702 praetorum
2184 4631 2575 4694 numerum,
2614 4609 2803 4680 unde
2838 4610 2881 4679 ὃ
2908 4628 3031 4700 po-
