3328 5326
671 366 695 426 l
713 366 737 426 l
753 367 788 426 4
1651 362 2054 426 PINDARUS.

664 559 838 635 λᾶας
876 555 1063 650 apud
1099 555 1514 628 Strabonem
1550 552 1792 641 λαούς,
1838 555 1906 625 in
1932 554 2413 647 Etymologico
2452 553 2770 626 Gudiano
2809 563 3042 626 autem

666 684 733 754 p.
777 662 951 747 362,
991 660 1112 732 22.
1150 657 1316 737 λαὸς
1351 659 1625 751 legitur,
1663 658 1938 731 viderat
1963 657 2271 751 Heynius
2311 656 2404 729 ad
2428 656 2930 751 Apollodorum
2956 658 3035 728 11.

664 787 735 859 p.
797 765 916 834 39.
1007 763 1282 833 Erravit
1344 763 1529 833 enim
1594 761 2227 833 Marckscheffelius
2291 760 2402 833 ad.
2446 762 2687 854 fragm.
2754 759 3040 832 Hesiodi

663 890 730 962 p.
756 867 926 940 327.
957 887 1043 952 S.,
1073 887 1287 958 quum
1314 886 1393 936 se
1423 887 1464 936 a
1492 864 2035 937 Schneidewino
2063 864 2300 938 induci
2327 886 2576 958 passus
2603 874 2712 936 est
2729 874 2805 935 ut
2833 864 3039 941 ἁλέας

664 970 1034 1054 scriberet,
1073 969 1238 1062 quia
1301 969 1370 1038 in
1433 969 1818 1040 Homericis
1880 968 2338 1063 epimerismis
2401 968 2590 1061 apud
2637 967 3044 1040 Cramerum

663 1073 929 1145 Anecd.
986 1072 1116 1143 Ox.
1158 1074 1204 1143 Ι.
1245 1096 1311 1166 p.
1369 1070 1541 1146 264.
1586 1074 1855 1166 legatur
1894 1072 2229 1150 Ἡσίοδος
2273 1071 2346 1142 δὲ
2380 1071 2572 1167 παρὰ
2606 1069 2694 1142 τὸ
2732 1071 2911 1160 duc,
2954 1071 3041 1142 τὸ

668 1182 1016 1273 σημαῖνον
1040 1175 1128 1247 τὸ
1155 1176 1467 1270 ἀθροῦν,
1502 1175 1745 1264 ἀλαός,
1777 1171 1971 1253 λαός.
2041 1174 2314 1246 Notavit
2339 1196 2648 1246 errorem
2677 1172 2799 1244 Th.
2822 1175 3046 1265 Berg-

664 1279 822 1352 kius
870 1279 942 1349 in
987 1279 1649 1350 commentationum
1686 1278 2083 1351 criticarum
2130 1278 2510 1372 specimine
2546 1298 2608 1349 a.
2657 1274 2877 1348 4844.
2922 1276 3037 1348 ad.

663 1383 769 1453 Fr.
822 1382 1237 1456 Creuzerum
1286 1382 1525 1454 misso.
1615 1382 1785 1453 Nam
1839 1403 1981 1453 uon
2028 1382 2253 1454 solum
2288 1402 2401 1454 res
2437 1382 2588 1475 ipsa
2623 1380 2836 1452 docet
2867 1381 3049 1458 λᾶας

668 1485 1047 1559 dicendum
1075 1487 1312 1572 fuisse,
1347 1507 1587 1559 verum
1613 1487 1847 1571 etiam,
1887 1486 2063 1557 siah
2090 1484 2256 1582 ἁλὴς
2283 1484 2671 1557 derivasset
2697 1483 3050 1556 Hesiodus

661 1590 849 1660 λαῶν
882 1612 1164 1673 nomen,
1202 1590 1568 1685 posuisset.

1076 1694 1278 1771 ἁλέας
1311 1697 1384 1765 ἐκ
1416 1691 1618 1788 γαίης
1643 1689 1923 1769 λεκτοὺς
1956 1688 2127 1786 πόρε
2166 1690 2626 1762 Δευκαλίωνι.

664 1795 871 1881 Quod
919 1797 978 1868 si
1028 1795 1199 1889 quid
1241 1796 1386 1868 veri
1438 1806 1546 1867 est
1582 1796 1651 1865 in
1705 1796 1839 1867 ista
1873 1794 2472 1887 epimerismorum
2507 1794 2893 1878 notatione,
2933 1795 3038 1865 sic

663 1900 996 1994 scriptum
1034 1900 1247 1972 fuisse
1283 1899 1668 1994 putandum
1705 1899 1837 1970 erit
1870 1897 1948 1969 in
1984 1898 2292 1968 carmine
2327 1898 2641 1968 Hesiodi:

1073 2002 1356 2081 λεκτοὺς
1390 2007 1462 2075 ἐκ
1497 2002 1701 2100 γαίης
1735 2004 1906 2079 λᾶας
1940 2000 2113 2096 πόρε
2151 1999 2586 2072 Δευκαλίωνι

1075 2107 1298 2184 ἀλέας.

540 2250 594 2302 p.
613 2239 642 2286 ⁷
662 2211 1000 2304 Apertum
1054 2231 1239 2282 nunc
1295 2220 1404 2281 est
1450 2230 1610 2281 cum
1661 2207 1946 2279 Hesiodi
1996 2206 2394 2278 narratione
2429 2207 2833 2301 planissime
2869 2228 3050 2279 con-

662 2314 920 2386 sentire
958 2313 1352 2398 Pindarum,
1391 2313 1450 2383 si
1485 2312 1701 2383 verba
1736 2310 1886 2382 eius
1923 2310 2024 2381 sic
2059 2311 2533 2402 corriguntur:

1695 2413 1941 2484 κείνων
1977 2414 2040 2484 δ’
2081 2413 2294 2485 ἔσσαν

1125 2513 1582 2608 χαλκάσπιδες
1616 2516 1950 2610 ὑμέτεροι
1984 2514 2323 2611 πρόγονοι

1128 2620 1447 2716 ἀρχᾶθεν
1478 2617 1988 2697 Ἰαπετιονίδος
2025 2617 2298 2713 φύτλας

1127 2725 1374 2819 κοῦροι
1410 2723 1628 2817 κορᾶν
1662 2750 1738 2793 τε
1779 2720 2154 2817 φερτάτων
2189 2724 2531 2813 Λελέγων,

1121 2823 1439 2921 ἐγχώριοι
1474 2825 1801 2922 βασιλῆες
1836 2825 1981 2896 αἰεί

1124 2929 1293 3025 πρὶν
1324 2926 1703 3019 Ὀλύμπιος
1740 2927 2017 3019 ἁγεμὼν
2052 2970 2154 2980 --

661 3037 835 3108 Nam
870 3034 1114 3108 κείνων
1151 3035 1447 3104 refertur
1481 3031 1573 3103 ad
1609 3032 1765 3103 illos
1802 3032 2014 3126 ipsos,
2054 3031 2173 3125 qui
2209 3053 2303 3102 ex
2338 3033 2682 3126 lapidibus
2717 3033 3048 3107 homines

659 3141 822 3212 facti
857 3139 1018 3211 λαοὶ
1065 3147 1226 3209 sunt
1261 3136 1450 3209 dicti.
1525 3134 1786 3207 Horum
1834 3148 1905 3206 et
1956 3134 2248 3207 filiarum
2284 3136 2876 3208 nobilissimorum
2911 3140 3052 3211 Le-

658 3245 890 3336 legum
946 3241 1126 3312 filios
1176 3261 1509 3333 regnasse
1560 3240 1629 3308 in
1676 3237 1972 3309 Locride
2017 3237 2187 3309 dicit
2228 3239 2604 3325 Pindarus,
2642 3250 2716 3310 et
2749 3242 3048 3333 quidem

657 3345 1013 3416 verissime
1060 3343 1424 3435 indigenas
1444 3395 1462 3426 ,
1516 3352 1595 3413 ut
1642 3342 1762 3433 qui
1814 3362 2059 3413 omnes
2112 3342 2201 3412 ab
2261 3342 2460 3414 iactis
2505 3343 2853 3437 lapidibus
2903 3349 3044 3417 orti

662 3448 947 3530 fuerint;
994 3467 1328 3538 regnasse
1365 3455 1596 3516 autem
1623 3455 1988 3537 perpetuo,
2027 3444 2218 3537 prius
2255 3466 2464 3537 quam
2499 3468 2595 3516 ex
2624 3447 3048 3542 Protogenia

659 3551 988 3621 Eleorum
1034 3549 1219 3641 regis
1266 3546 1404 3618 filia
1453 3547 1646 3617 illum
1683 3545 2030 3639 Opuntem
2078 3549 2432 3640 genuisset
2474 3550 2752 3643 Iupiter,
2793 3553 2912 3623 cui
2949 3555 3045 3624 ab

660 3655 811 3728 eius
873 3673 999 3723 avo
1047 3652 1309 3722 Locrus
1368 3670 1627 3720 nomen
1678 3648 1935 3742 Opunti
1996 3652 2262 3722 fecerit.
2365 3651 2580 3724 Simul
2635 3654 3046 3749 intelligitur

661 3758 916 3829 rectius
954 3754 1324 3826 Pindarum
1360 3775 1570 3845 quam
1624 3753 2034 3825 Strabonem
2087 3755 2609 3848 interpretatum
2648 3778 2809 3829 esse
2845 3760 3049 3852 quod

661 3859 1005 3932 Hesiodus
1050 3856 1334 3936 λεκτοὺς
1382 3856 1677 3941 dixerat,
1716 3878 1894 3948 quos
1945 3879 2087 3928 non
2135 3858 2489 3942 collectOS,
2528 3859 2657 3931 sed
2709 3860 3040 3935 delectos

664 3963 803 4035 dici
835 3962 1078 4033 videns
1115 3957 1514 4056 φερτάτους
1548 3961 1941 4031 nominavit.
2991 4051 2997 4057 ἢ

864 4064 1248 4158 Persequar
1299 4064 1435 4134 alia
1485 4084 1664 4154 quae
1718 4063 1785 4132 in
1824 4062 1959 4134 hoc
2014 4065 2319 4139 carmine
2363 4065 2812 4138 emendanda
2849 4081 3039 4142 sunt.

661 4168 987 4238 Dixeram
1040 4168 1108 4237 in
1153 4166 1718 4239 adnotationibus
1770 4167 1914 4237 tolli
1959 4167 2427 4239 dubitationes
2473 4190 2656 4260 quae
2704 4170 2775 4240 in
2815 4173 3045 4265 prima

662 4268 1088 4363 antistropha
1139 4270 1229 4341 de
1281 4270 1622 4363 scriptura
1667 4280 1897 4342 motae
1938 4281 2215 4353 essent,
2255 4270 2313 4341 si
2367 4293 2607 4343 versus
2646 4272 2739 4342 illi
2793 4288 3042 4348 essent

665 4395 841 4448 unus
877 4382 1343 4466 asynartetus:
2015 4444 2022 4450 ,

969 4475 1044 4549 ἔν
1129 4502 1203 4546 τε
1240 4472 1623 4567 Κασταλίᾳ
1656 4478 1816 4571 παρ’
1853 4476 2188 4569 Ἀλφειοῦ
2224 4503 2297 4546 τε
2339 4477 2659 4571 ῥέεθρον.

659 4578 1066 4677 Repudiavit
1142 4587 1577 4672 asynartetos
1638 4577 2029 4653 Boeckhius
2104 4579 2175 4648 in
2236 4578 2723 4652 dissertatione
2789 4586 3042 4659 critica
