3328 5326
700 356 822 417 230
1674 353 2095 416 EURIPIDES.

696 569 763 616 v.
802 545 1229 618 582—584.
1253 546 1582 616 indicium
1610 547 1996 639 praebeant
2015 545 2205 617 haud
2237 545 2652 637 ambiguum.
2716 544 2883 614 Sunt
2909 544 3053 615 illae

696 650 1030 740 reliquiae
1081 650 1436 734 carminis,
1491 650 1686 721 cuius
1735 650 1995 742 aliquot
2028 670 2275 719 versus
2311 649 2614 718 lacerato
2653 657 3057 740 corruptove

698 752 960 824 codicis
1015 754 1178 824 folio
1233 754 1603 846 perierunt.
1692 753 1864 823 Nam
1905 763 1975 824 et
2022 752 2290 824 initium
2334 751 2663 844 strophae
2718 751 2946 835 deest,
2992 761 3059 821 et

698 856 900 925 nimis
948 855 1212 927 nudum
1264 867 1371 927 est
1424 855 1592 927 illud
1644 855 1938 952 εὔθηλοι
1975 855 2048 925 δὲ
2080 858 2430 950 τρέφοντο
2465 851 2667 946 βόες,
2711 854 2899 945 quod
2944 876 3059 923 cur

698 969 886 1030 esset
922 959 1270 1031 adiectum
1297 960 1587 1031 indicari
1615 959 1942 1043 debebat,
1973 969 2044 1029 et
2072 960 2306 1030 ultima
2334 958 2657 1028 carminis
2685 958 2903 1028 verba
2936 981 3059 1027 nu-

699 1084 892 1133 mero
943 1064 1250 1133 carentia
1298 1064 1683 1156 discerptas
1736 1064 1876 1134 folii
1933 1063 2218 1133 lacinias
2255 1061 2577 1155 produnt.
2662 1062 2893 1144 Quare
2929 1082 3058 1130 non

593 1175 597 1179 *
697 1166 945 1237 videor
997 1187 1265 1252 errare,
1319 1168 1377 1237 si
1429 1168 1705 1237 insertis
1759 1187 1853 1236 ex
1897 1167 2296 1237 coniectura
2346 1165 2606 1256 aliquot
2642 1165 2912 1249 verbis,
2949 1164 3060 1235 ubi

698 1291 811 1340 res
862 1270 1011 1362 ipsa
1063 1293 1344 1343 sensum
1391 1271 1857 1354 monstrabat,
1910 1272 2199 1341 formam
2253 1268 2574 1339 carminis
2624 1267 2804 1338 hanc
2860 1269 3067 1339 fuisse

699 1373 1102 1444 coniiciam:

1017 1475 1141 1572 [μή
1181 1502 1309 1567 μοι
1345 1478 1494 1569 φῶς
1531 1474 1681 1547 πότ’
1722 1481 1790 1554 ἐς
1827 1475 2120 1571 ἁμέρας]
2771 1499 2925 1567 στρ.
2947 1472 3013 1564 β’

1006 1580 1270 1671 ἔμολες,
1315 1575 1367 1650 ὦ
1406 1578 1632 1674 Πάρι,
1674 1579 1850 1676 μηδὲ
1888 1578 1974 1650 συ’
2011 1607 2085 1669 γε

1005 1680 1339 1774 βουκόλος
1375 1681 1748 1776 ἀγραύλοις
1783 1680 2096 1778 ἐτράφης

1155 1784 1440 1861 Ἰδαίαις
1475 1785 1667 1882 παρὰ
1702 1783 2024 1876 μόσχοις,

1004 1886 1338 1983 βάρβαρα
1376 1888 1701 1982 συρίζων,
1751 1889 2077 1981 Φρυγίων

1007 1992 1237 2062 αὐλῶν
1284 1989 1674 2083 Οὐλύμπου
1712 1988 2051 2084 καλάμοις

1014 2091 1501 2189 [πολυπλόκον]
1546 2094 1840 2190 μίμημα
1874 2097 2100 2166 πνέων

1005 2301 1299 2426 εὔθηλοι
1335 2301 1406 2370 ὁὲ
1449 2298 1923 2394 [πλανώμεναι
2753 2299 2912 2370 ἀντ.
2935 2296 3008 2391 β’

1004 2403 1183 2474 κατὰ
1219 2401 1473 2497 νάπας]
1492 2405 1868 2529 τρέφοντο
1901 2402 2088 2496 βόες,

1005 2532 1159 2577 ευτε
1194 2505 1416 2600 κρίσις
1456 2507 1506 2577 σ’
1552 2507 1761 2602 ἔμηνε
1792 2507 1973 2577 θεᾶν

1162 2609 1208 2679 ἄ
1249 2611 1299 2680 σ’
1354 2607 1498 2704 [εἰς]
1540 2606 1841 2682 Ἑλλάδα
1877 2610 2157 2702 πέμπει.

2763 3130 2975 3197 ἐπωδ.

1008 3232 1562 3321 ἐλεφαντοδέτων
1596 3227 1907 3323 πάροιθε
1941 3224 2257 3324 θρόνων,

1004 3331 1298 3408 Ἑλένας
1343 3330 1482 3425 [ἵν’]
1527 3336 1600 3402 ἐν
1637 3334 1986 3409 ἀντωποῖς
2020 3331 2394 3426 βλεφάροις

1010 3430 1235 3526 ε’ρωτά
1272 3461 1315 3503 τ
1369 3434 1649 3523 ἔδωκας,
1695 3435 1900 3528 ἔρωτι
1936 3437 2001 3504 δ’
2042 3434 2255 3512 αὐτὸς
2291 3433 2678 3530 ἐπτοάθης·

1012 3536 1184 3606 ὅθεν
1223 3535 1393 3630 ἔρις,
1436 3536 1575 3630 ἔρις

1004 3640 1175 3708 Ἑλλ
1181 3633 1315 3708 άδα
1356 3637 1484 3709 σὺν
1520 3639 1677 3733 δορι
1714 3639 1923 3711 ναυσί
1955 3667 1998 3710 τ
2051 3640 2196 3731 ἄγει

1011 3739 1185 3835 πρὸς
1221 3743 1543 3836 πέργαμα
1590 3740 1877 3835 Τροίας.

702 3845 930 3917 Pauca
981 3845 1087 3915 his
1139 3843 1601 3935 defendendis
1652 3844 1861 3916 addo.
1958 3847 2153 3917 Initio
2216 3846 2538 3940 strophae
2602 3857 2919 3939 apertum
2969 3854 3068 3915 est

705 3958 984 4040 optasse
1040 3948 1361 4033 chorum,
1412 3957 1484 4019 ut
1536 3955 1654 4019 aut
1688 3958 1890 4019 nat-us
1926 3972 2063 4020 non
2104 3960 2291 4021 esset
2326 3950 2551 4035 Paris,
2592 3962 2714 4022 aut
2764 3973 2907 4021 non
2950 3969 3066 4041 pa-

547 4072 683 4134 μη
702 4050 919 4121 visset
955 4052 1174 4123 boves
1213 4053 1280 4121 in
1317 4061 1554 4122 monte
1591 4051 1731 4121 Ida.
1803 4053 1967 4124 Ideo
2004 4052 2179 4149 μηδὲ
2216 4054 2663 4125 scribendum
2702 4055 2862 4125 fuit:
2913 4073 3064 4122 nam

703 4150 1161 4251 μήτε-μήτε
1214 4156 1307 4226 ihi
1352 4165 1545 4225 recte
1597 4154 1876 4240 dicitur,
1925 4157 2043 4228 ubi
2081 4157 2172 4228 de
2222 4157 2496 4229 duobus
2550 4167 2918 4250 utrumque
2972 4157 3067 4224 fa-

705 4265 894 4327 ctum
923 4266 1052 4341 est,
1082 4280 1219 4328 non
1248 4259 1389 4342 ubi,
1422 4259 1478 4328 si
1508 4258 1798 4329 alterum
1836 4263 2094 4332 factum
2123 4271 2332 4344 esset,
2372 4260 2522 4332 fieri
2558 4284 2702 4332 non
2739 4262 3066 4355 potuisset

704 4361 1021 4443 alterum,
1060 4370 1135 4428 ut
1169 4360 1310 4446 hic,
1349 4362 1408 4432 si
1444 4382 1583 4431 non
1624 4371 1825 4434 natus
1865 4374 2051 4434 esset
2088 4365 2307 4449 Paris,
2347 4387 2641 4457 pascere
2682 4366 2897 4436 boves
2934 4382 3063 4432 non

701 4463 1067 4556 potuisset.
1124 4463 1350 4534 Verba
1380 4486 1558 4556 quae
1587 4465 1655 4533 in
1685 4467 1904 4557 primo
1935 4490 2137 4539 versu
2164 4468 2390 4561 posui,
2431 4469 2612 4540 sicut
2648 4469 2858 4539 etiam
2895 4485 3063 4559 quae

699 4568 767 4638 in
809 4564 1244 4657 antistropha
1299 4567 1572 4652 addidi,
1624 4579 1998 4662 potuerunt
2046 4571 2178 4643 alia
2250 4593 2439 4657 esse,
2506 4594 2790 4654 sensum
2841 4581 3062 4641 tamen
