<?xml version="1.0" encoding="UTF-8"?>
<!DOCTYPE html PUBLIC "-//W3C//DTD XHTML 1.0 Transitional//EN"
    "http://www.w3.org/TR/xhtml1/DTD/xhtml1-transitional.dtd">
<html xmlns="http://www.w3.org/1999/xhtml" xml:lang="en" lang="en">
 <head>
  <title>
</title>
<meta http-equiv="Content-Type" content="text/html;charset=utf-8" />
  <meta name='ocr-system' content='tesseract 3.04.00' />
  <meta name='ocr-capabilities' content='ocr_page ocr_carea ocr_par ocr_line ocrx_word'/>
</head>
<body>
  <div class='ocr_page' id='page_1' title='image "./godofrediherman02hermgoog/godofrediherman02hermgoog_0144.png"; bbox 0 0 3328 5326; ppageno 0'>
   <div class='ocr_carea' id='block_1_1' title="bbox 491 1197 628 1260">
    <p class='ocr_par' dir='ltr' id='par_1_1' title="bbox 491 1197 628 1260">
     <span class='ocr_line' id='line_1_1' title="bbox 491 1197 628 1260; baseline 0.015 -17"><span class='ocrx_word' id='word_1_1' title='bbox 491 1197 628 1260; x_wconf 74' lang='lat' dir='ltr'>p.⁴8</span> 
     </span>
    </p>
   </div>
   <div class='ocr_carea' id='block_1_2' title="bbox 653 371 2029 436">
    <p class='ocr_par' dir='ltr' id='par_1_2' title="bbox 653 371 2029 436">
     <span class='ocr_line' id='line_1_2' title="bbox 653 371 2029 436; baseline 0.001 -3"><span class='ocrx_word' id='word_1_2' title='bbox 653 373 678 433; x_wconf 75' lang='grc'><strong>4</strong></span> <span class='ocrx_word' id='word_1_3' title='bbox 692 374 774 434; x_wconf 68' lang='lat'>26</span> <span class='ocrx_word' id='word_1_4' title='bbox 1633 371 2029 436; x_wconf 83' lang='lat' dir='ltr'><strong>PINDARUS.</strong></span> 
     </span>
    </p>
   </div>
   <div class='ocr_carea' id='block_1_3' title="bbox 643 563 3039 2724">
    <p class='ocr_par' dir='ltr' id='par_1_3' title="bbox 643 563 3039 2724">
     <span class='ocr_line' id='line_1_3' title="bbox 647 563 3035 659; baseline -0.002 -24"><span class='ocrx_word' id='word_1_5' title='bbox 647 564 1031 637; x_wconf 87' lang='lat' dir='ltr'>scribarum</span> <span class='ocrx_word' id='word_1_6' title='bbox 1081 586 1240 636; x_wconf 92' lang='lat' dir='ltr'>esse</span> <span class='ocrx_word' id='word_1_7' title='bbox 1290 564 1614 636; x_wconf 85' lang='lat' dir='ltr'>existimo</span> <span class='ocrx_word' id='word_1_8' title='bbox 1633 618 1652 649; x_wconf 88' lang='lat'>,</span> <span class='ocrx_word' id='word_1_9' title='bbox 1695 566 1875 637; x_wconf 89' lang='lat' dir='ltr'>sicut</span> <span class='ocrx_word' id='word_1_10' title='bbox 1911 565 2122 636; x_wconf 86' lang='lat' dir='ltr'>etiam</span> <span class='ocrx_word' id='word_1_11' title='bbox 2159 564 2348 659; x_wconf 86' lang='lat' dir='ltr'>apud</span> <span class='ocrx_word' id='word_1_12' title='bbox 2383 563 2921 657; x_wconf 77' lang='lat' dir='ltr'>Xenophontem</span> <span class='ocrx_word' id='word_1_13' title='bbox 2958 563 3035 631; x_wconf 91' lang='lat' dir='ltr'>in</span> 
     </span>
     <span class='ocr_line' id='line_1_4' title="bbox 647 664 3034 763; baseline -0.001 -25"><span class='ocrx_word' id='word_1_14' title='bbox 647 668 854 739; x_wconf 88' lang='lat' dir='ltr'>Mem.</span> <span class='ocrx_word' id='word_1_15' title='bbox 889 669 1080 739; x_wconf 90' lang='lat' dir='ltr'>Socr.</span> <span class='ocrx_word' id='word_1_16' title='bbox 1114 669 1216 737; x_wconf 88' lang='lat'>111.</span> <span class='ocrx_word' id='word_1_17' title='bbox 1261 670 1331 753; x_wconf 83' lang='lat'>6,</span> <span class='ocrx_word' id='word_1_18' title='bbox 1376 668 1442 738; x_wconf 72' lang='lat'>4.</span> <span class='ocrx_word' id='word_1_19' title='bbox 1489 667 1775 760; x_wconf 89' lang='lat' dir='ltr'>quidam</span> <span class='ocrx_word' id='word_1_20' title='bbox 1838 668 1992 739; x_wconf 84' lang='lat' dir='ltr'>libri</span> <span class='ocrx_word' id='word_1_21' title='bbox 2041 664 2465 763; x_wconf 74' lang='grc' dir='ltr'><strong><em>διεσώπησεν</em></strong></span> <span class='ocrx_word' id='word_1_22' title='bbox 2513 666 2880 750; x_wconf 79' lang='lat' dir='ltr'>exhibent,</span> <span class='ocrx_word' id='word_1_23' title='bbox 2935 666 3034 737; x_wconf 91' lang='lat' dir='ltr'>de</span> 
     </span>
     <span class='ocr_line' id='line_1_5' title="bbox 647 770 3036 865; baseline -0.002 -22"><span class='ocrx_word' id='word_1_24' title='bbox 647 793 788 865; x_wconf 88' lang='lat' dir='ltr'>quo</span> <span class='ocrx_word' id='word_1_25' title='bbox 818 772 974 843; x_wconf 93' lang='lat' dir='ltr'>loco</span> <span class='ocrx_word' id='word_1_26' title='bbox 1003 771 1518 844; x_wconf 77' lang='lat' dir='ltr'>inconsiderate</span> <span class='ocrx_word' id='word_1_27' title='bbox 1555 771 1907 843; x_wconf 87' lang='lat' dir='ltr'>indicasse</span> <span class='ocrx_word' id='word_1_28' title='bbox 1933 772 1982 843; x_wconf 92' lang='grc' dir='ltr'>Ι.</span> <span class='ocrx_word' id='word_1_29' title='bbox 2016 772 2095 843; x_wconf 90' lang='lat' dir='ltr'>G.</span> <span class='ocrx_word' id='word_1_30' title='bbox 2121 770 2629 843; x_wconf 90' lang='lat' dir='ltr'>Schneiderum</span> <span class='ocrx_word' id='word_1_31' title='bbox 2658 793 2798 841; x_wconf 89' lang='lat' dir='ltr'>non</span> <span class='ocrx_word' id='word_1_32' title='bbox 2826 770 3036 842; x_wconf 88' lang='lat' dir='ltr'>latuit</span> 
     </span>
     <span class='ocr_line' id='line_1_6' title="bbox 648 873 3029 964; baseline -0.001 -20"><span class='ocrx_word' id='word_1_33' title='bbox 648 874 1192 946; x_wconf 90' lang='lat' dir='ltr'>Boeckhio.1n</span> <span class='ocrx_word' id='word_1_34' title='bbox 1241 875 1569 946; x_wconf 87' lang='lat' dir='ltr'>Isthmico</span> <span class='ocrx_word' id='word_1_35' title='bbox 1623 876 1933 947; x_wconf 84' lang='lat' dir='ltr'>carmine</span> <span class='ocrx_word' id='word_1_36' title='bbox 1982 875 2490 949; x_wconf 86' lang='lat' dir='ltr'>restituendum</span> <span class='ocrx_word' id='word_1_37' title='bbox 2540 873 3029 964; x_wconf 70' lang='grc' dir='ltr'>σεσιγαμένον,</span> 
     </span>
     <span class='ocr_line' id='line_1_7' title="bbox 648 977 3039 1095; baseline -0 -48"><span class='ocrx_word' id='word_1_38' title='bbox 648 977 847 1050; x_wconf 88' lang='lat' dir='ltr'>cuius</span> <span class='ocrx_word' id='word_1_39' title='bbox 883 978 1359 1072; x_wconf 77' lang='lat' dir='ltr'>interpretatio</span> <span class='ocrx_word' id='word_1_40' title='bbox 1408 979 1535 1049; x_wconf 88' lang='lat' dir='ltr'>fuit</span> <span class='ocrx_word' id='word_1_41' title='bbox 1584 980 2133 1095; x_wconf 77' lang='grc' dir='ltr'><strong><em>σεσιωπημένον.</em></strong></span> <span class='ocrx_word' id='word_1_42' title='bbox 2211 978 2529 1073; x_wconf 80' lang='lat' dir='ltr'>Olympio</span> <span class='ocrx_word' id='word_1_43' title='bbox 2586 987 2819 1048; x_wconf 89' lang='lat' dir='ltr'>autem</span> <span class='ocrx_word' id='word_1_44' title='bbox 2869 998 3039 1047; x_wconf 86' lang='lat' dir='ltr'>car-</span> 
     </span>
     <span class='ocr_line' id='line_1_8' title="bbox 649 1070 2248 1176; baseline 0.001 -25"><span class='ocrx_word' id='word_1_45' title='bbox 649 1081 815 1152; x_wconf 92' lang='lat' dir='ltr'>mini</span> <span class='ocrx_word' id='word_1_46' title='bbox 850 1080 1290 1154; x_wconf 87' lang='lat' dir='ltr'>reddendum</span> <span class='ocrx_word' id='word_1_47' title='bbox 1327 1082 1516 1175; x_wconf 90' lang='lat' dir='ltr'>quod</span> <span class='ocrx_word' id='word_1_48' title='bbox 1554 1082 1825 1158; x_wconf 88' lang='lat' dir='ltr'>numeri</span> <span class='ocrx_word' id='word_1_49' title='bbox 1860 1070 2248 1176; x_wconf 86' lang='lat' dir='ltr'>postulant:</span> 
     </span>
     <span class='ocr_line' id='line_1_9' title="bbox 751 1183 3034 1280; baseline -0.001 -25"><span class='ocrx_word' id='word_1_50' title='bbox 751 1184 864 1255; x_wconf 82' lang='grc' dir='ltr'><strong><em>καὶ</em></strong></span> <span class='ocrx_word' id='word_1_51' title='bbox 895 1184 1273 1280; x_wconf 76' lang='grc' dir='ltr'><strong><em>Χίμαιραν</em></strong></span> <span class='ocrx_word' id='word_1_52' title='bbox 1298 1187 1438 1280; x_wconf 81' lang='grc' dir='ltr'>πῦρ</span> <span class='ocrx_word' id='word_1_53' title='bbox 1467 1186 1803 1256; x_wconf 78' lang='grc' dir='ltr'><strong><em>πνέοισαν</em></strong></span> <span class='ocrx_word' id='word_1_54' title='bbox 1829 1213 1944 1255; x_wconf 79' lang='grc' dir='ltr'>και</span> <span class='ocrx_word' id='word_1_55' title='bbox 1977 1183 2413 1277; x_wconf 83' lang='grc' dir='ltr'><em>Σολύμους</em></span> <span class='ocrx_word' id='word_1_56' title='bbox 2385 1188 2700 1276; x_wconf 75' lang='grc' dir='ltr'><strong><em>ἔπεφνεν.</em></strong></span> <span class='ocrx_word' id='word_1_57' title='bbox 2745 1186 3034 1254; x_wconf 75' lang='grc' dir='ltr'><strong><em>διασιω-</em></strong></span> 
     </span>
     <span class='ocr_line' id='line_1_10' title="bbox 1887 1284 2769 1383; baseline -0.002 -24"><span class='ocrx_word' id='word_1_58' title='bbox 1887 1287 2209 1381; x_wconf 80' lang='grc' dir='ltr'><strong><em>πάσομαι</em></strong></span> <span class='ocrx_word' id='word_1_59' title='bbox 2243 1290 2374 1380; x_wconf 77' lang='grc' dir='ltr'>μέν</span> <span class='ocrx_word' id='word_1_60' title='bbox 2411 1314 2478 1358; x_wconf 97' lang='grc' dir='ltr'><strong><em>οι</em></strong></span> <span class='ocrx_word' id='word_1_61' title='bbox 2514 1284 2769 1383; x_wconf 83' lang='grc' dir='ltr'><strong><em>μόρον.</em></strong></span> 
     </span>
     <span class='ocr_line' id='line_1_11' title="bbox 853 1389 3031 1486; baseline 0 -26"><span class='ocrx_word' id='word_1_62' title='bbox 853 1391 1224 1484; x_wconf 89' lang='lat' dir='ltr'>Denique</span> <span class='ocrx_word' id='word_1_63' title='bbox 1207 1414 1278 1461; x_wconf 87' lang='lat' dir='ltr'>m</span> <span class='ocrx_word' id='word_1_64' title='bbox 1313 1393 1556 1485; x_wconf 87' lang='lat' dir='ltr'>quinta</span> <span class='ocrx_word' id='word_1_65' title='bbox 1593 1391 1825 1486; x_wconf 90' lang='lat' dir='ltr'>epodo</span> <span class='ocrx_word' id='word_1_66' title='bbox 1860 1414 1927 1461; x_wconf 79' lang='lat' dir='ltr'>v,</span> <span class='ocrx_word' id='word_1_67' title='bbox 1968 1395 2136 1463; x_wconf 75' lang='lat'>443.</span> <span class='ocrx_word' id='word_1_68' title='bbox 2178 1391 2295 1464; x_wconf 91' lang='lat' dir='ltr'>ubi</span> <span class='ocrx_word' id='word_1_69' title='bbox 2342 1389 2515 1462; x_wconf 83' lang='grc' dir='ltr'><strong><em>ἀλλὰ</em></strong></span> <span class='ocrx_word' id='word_1_70' title='bbox 2560 1400 2667 1461; x_wconf 91' lang='lat' dir='ltr'>est</span> <span class='ocrx_word' id='word_1_71' title='bbox 2702 1390 2772 1459; x_wconf 92' lang='lat' dir='ltr'>in</span> <span class='ocrx_word' id='word_1_72' title='bbox 2809 1390 3031 1473; x_wconf 84' lang='lat' dir='ltr'>libris,</span> 
     </span>
     <span class='ocr_line' id='line_1_12' title="bbox 649 1493 3036 1587; baseline -0.001 -22"><span class='ocrx_word' id='word_1_73' title='bbox 649 1495 996 1565; x_wconf 87' lang='lat' dir='ltr'>sententia</span> <span class='ocrx_word' id='word_1_74' title='bbox 1033 1496 1243 1581; x_wconf 89' lang='lat' dir='ltr'>bona,</span> <span class='ocrx_word' id='word_1_75' title='bbox 1284 1494 1412 1567; x_wconf 91' lang='lat' dir='ltr'>sed</span> <span class='ocrx_word' id='word_1_76' title='bbox 1448 1495 1691 1567; x_wconf 85' lang='lat' dir='ltr'>vitiato</span> <span class='ocrx_word' id='word_1_77' title='bbox 1729 1505 1975 1581; x_wconf 88' lang='lat' dir='ltr'>metro,</span> <span class='ocrx_word' id='word_1_78' title='bbox 2017 1506 2207 1566; x_wconf 89' lang='lat' dir='ltr'>recte</span> <span class='ocrx_word' id='word_1_79' title='bbox 2243 1494 2526 1587; x_wconf 89' lang='lat' dir='ltr'>quidem</span> <span class='ocrx_word' id='word_1_80' title='bbox 2565 1493 2703 1563; x_wconf 84' lang='grc' dir='ltr'>ἄνα</span> <span class='ocrx_word' id='word_1_81' title='bbox 2731 1493 3036 1565; x_wconf 86' lang='lat' dir='ltr'>restituit</span> 
     </span>
     <span class='ocr_line' id='line_1_13' title="bbox 650 1595 3037 1693; baseline -0.001 -25"><span class='ocrx_word' id='word_1_82' title='bbox 650 1598 1039 1670; x_wconf 87' lang='lat' dir='ltr'>Boeckhius</span> <span class='ocrx_word' id='word_1_83' title='bbox 1058 1652 1077 1684; x_wconf 94' lang='lat'>,</span> <span class='ocrx_word' id='word_1_84' title='bbox 1141 1598 1272 1670; x_wconf 91' lang='lat' dir='ltr'>sed</span> <span class='ocrx_word' id='word_1_85' title='bbox 1334 1610 1406 1671; x_wconf 90' lang='lat' dir='ltr'>et</span> <span class='ocrx_word' id='word_1_86' title='bbox 1466 1600 1734 1693; x_wconf 79' lang='lat' dir='ltr'>syllaba</span> <span class='ocrx_word' id='word_1_87' title='bbox 1800 1599 2035 1684; x_wconf 87' lang='lat' dir='ltr'>deest,</span> <span class='ocrx_word' id='word_1_88' title='bbox 2100 1607 2171 1669; x_wconf 91' lang='lat' dir='ltr'>et</span> <span class='ocrx_word' id='word_1_89' title='bbox 2231 1597 2620 1669; x_wconf 84' lang='lat' dir='ltr'>sententiae</span> <span class='ocrx_word' id='word_1_90' title='bbox 2673 1595 3037 1668; x_wconf 90' lang='lat' dir='ltr'>debebant</span> 
     </span>
     <span class='ocr_line' id='line_1_14' title="bbox 649 1699 3034 1798; baseline 0 -27"><span class='ocrx_word' id='word_1_91' title='bbox 649 1703 876 1795; x_wconf 89' lang='lat' dir='ltr'>aliquo</span> <span class='ocrx_word' id='word_1_92' title='bbox 912 1703 1193 1774; x_wconf 89' lang='lat' dir='ltr'>vinculo</span> <span class='ocrx_word' id='word_1_93' title='bbox 1230 1703 1561 1796; x_wconf 86' lang='lat' dir='ltr'>copulari.</span> <span class='ocrx_word' id='word_1_94' title='bbox 1638 1699 2010 1775; x_wconf 81' lang='lat' dir='ltr'>Peccatum</span> <span class='ocrx_word' id='word_1_95' title='bbox 2048 1701 2164 1772; x_wconf 90' lang='lat' dir='ltr'>hic</span> <span class='ocrx_word' id='word_1_96' title='bbox 2202 1701 2603 1798; x_wconf 85' lang='lat' dir='ltr'>est-eodem</span> <span class='ocrx_word' id='word_1_97' title='bbox 2639 1700 2849 1772; x_wconf 90' lang='lat' dir='ltr'>modo</span> <span class='ocrx_word' id='word_1_98' title='bbox 2887 1723 3034 1793; x_wconf 90' lang='lat' dir='ltr'>quo</span> 
     </span>
     <span class='ocr_line' id='line_1_15' title="bbox 648 1806 1819 1899; baseline 0 -24"><span class='ocrx_word' id='word_1_99' title='bbox 648 1806 718 1875; x_wconf 90' lang='lat' dir='ltr'>in</span> <span class='ocrx_word' id='word_1_100' title='bbox 755 1806 957 1878; x_wconf 88' lang='lat' dir='ltr'>tertia</span> <span class='ocrx_word' id='word_1_101' title='bbox 993 1806 1243 1899; x_wconf 90' lang='lat' dir='ltr'>epodo.</span> <span class='ocrx_word' id='word_1_102' title='bbox 1323 1806 1819 1879; x_wconf 88' lang='lat' dir='ltr'>Scribendum:</span> 
     </span>
     <span class='ocr_line' id='line_1_16' title="bbox 1885 1907 2485 1980; baseline -0.003 0"><span class='ocrx_word' id='word_1_103' title='bbox 1885 1909 2001 1980; x_wconf 71' lang='grc' dir='ltr'>καὶ</span> <span class='ocrx_word' id='word_1_104' title='bbox 2038 1909 2272 1980; x_wconf 64' lang='grc' dir='ltr'><strong><em>πᾶσαν</em></strong></span> <span class='ocrx_word' id='word_1_105' title='bbox 2307 1907 2485 1979; x_wconf 73' lang='grc' dir='ltr'><strong><em>κατὰ</em></strong></span> 
     </span>
     <span class='ocr_line' id='line_1_17' title="bbox 745 2009 3029 2122; baseline -0.002 -37.976"><span class='ocrx_word' id='word_1_106' title='bbox 745 2009 1019 2084; x_wconf 60' lang='lat' dir='ltr'>‘maa’</span> <span class='ocrx_word' id='word_1_107' title='bbox 1059 2009 1380 2122; x_wconf 77' lang='grc' dir='ltr'><strong><em>εύρησεις</em></strong></span> <span class='ocrx_word' id='word_1_108' title='bbox 1412 2014 1715 2108; x_wconf 76' lang='grc' dir='ltr'><strong><em>ἐρευνῶν</em></strong></span> <span class='ocrx_word' id='word_1_109' title='bbox 1748 2009 2041 2103; x_wconf 82' lang='grc' dir='ltr'><strong><em>μάσσον’</em></strong></span> <span class='ocrx_word' id='word_1_110' title='bbox 2081 2012 2127 2108; x_wconf 82' lang='grc' dir='ltr'><em>ἤ</em></span> <span class='ocrx_word' id='word_1_111' title='bbox 2164 2010 2256 2089; x_wconf 78' lang='grc' dir='ltr'>ὥς</span> <span class='ocrx_word' id='word_1_112' title='bbox 2293 2012 2549 2101; x_wconf 70' lang='grc' dir='ltr'><strong><em>ἰὸὶέμεν.</em></strong></span> <span class='ocrx_word' id='word_1_113' title='bbox 2598 2011 2682 2081; x_wconf 80' lang='grc' dir='ltr'><strong><em>σὺ</em></strong></span> <span class='ocrx_word' id='word_1_114' title='bbox 2720 2011 2814 2099; x_wconf 84' lang='grc' dir='ltr'>ὁ,</span> <span class='ocrx_word' id='word_1_115' title='bbox 2859 2011 3029 2099; x_wconf 84' lang='grc' dir='ltr'><strong><em>ἄνα,</em></strong></span> 
     </span>
     <span class='ocr_line' id='line_1_18' title="bbox 1885 2112 2886 2208; baseline -0.005 -22"><span class='ocrx_word' id='word_1_116' title='bbox 1885 2112 2262 2208; x_wconf 80' lang='grc' dir='ltr'><strong><em>κούφοισιν</em></strong></span> <span class='ocrx_word' id='word_1_117' title='bbox 2295 2115 2613 2185; x_wconf 77' lang='grc' dir='ltr'><strong><em>ἐκνεῦσαι</em></strong></span> <span class='ocrx_word' id='word_1_118' title='bbox 2646 2114 2886 2200; x_wconf 86' lang='grc' dir='ltr'><strong><em>ποσιν,</em></strong></span> 
     </span>
     <span class='ocr_line' id='line_1_19' title="bbox 749 2216 2759 2312; baseline -0.002 -22"><span class='ocrx_word' id='word_1_119' title='bbox 749 2221 892 2290; x_wconf 68' lang='grc' dir='ltr'>Ζεῦ</span> <span class='ocrx_word' id='word_1_120' title='bbox 929 2219 1132 2307; x_wconf 81' lang='grc' dir='ltr'><strong><em>τέλει,</em></strong></span> <span class='ocrx_word' id='word_1_121' title='bbox 1177 2218 1351 2289; x_wconf 79' lang='grc' dir='ltr'><strong><em>αι’δῶ</em></strong></span> <span class='ocrx_word' id='word_1_122' title='bbox 1386 2245 1459 2288; x_wconf 76' lang='grc' dir='ltr'>τε</span> <span class='ocrx_word' id='word_1_123' title='bbox 1499 2219 1619 2296; x_wconf 73' lang='lat' dir='ltr'>dog</span> <span class='ocrx_word' id='word_1_124' title='bbox 1653 2217 1771 2288; x_wconf 83' lang='grc' dir='ltr'><strong><em>καὶ</em></strong></span> <span class='ocrx_word' id='word_1_125' title='bbox 1806 2216 2032 2307; x_wconf 83' lang='grc' dir='ltr'><strong><em>τύχαν</em></strong></span> <span class='ocrx_word' id='word_1_126' title='bbox 2067 2217 2384 2312; x_wconf 78' lang='grc' dir='ltr'><strong><em>τερπνῶν</em></strong></span> <span class='ocrx_word' id='word_1_127' title='bbox 2417 2222 2759 2307; x_wconf 81' lang='grc' dir='ltr'><strong><em>γλυκεῖαν.</em></strong></span> 
     </span>
     <span class='ocr_line' id='line_1_20' title="bbox 851 2320 3033 2413; baseline -0 -22"><span class='ocrx_word' id='word_1_128' title='bbox 851 2323 1138 2391; x_wconf 85' lang='lat' dir='ltr'>Restant</span> <span class='ocrx_word' id='word_1_129' title='bbox 1181 2342 1353 2392; x_wconf 84' lang='lat' dir='ltr'>vero</span> <span class='ocrx_word' id='word_1_130' title='bbox 1404 2322 1616 2392; x_wconf 90' lang='lat' dir='ltr'>etiam</span> <span class='ocrx_word' id='word_1_131' title='bbox 1666 2321 1801 2393; x_wconf 86' lang='lat' dir='ltr'>alia</span> <span class='ocrx_word' id='word_1_132' title='bbox 1846 2322 1916 2391; x_wconf 90' lang='lat' dir='ltr'>in</span> <span class='ocrx_word' id='word_1_133' title='bbox 1961 2321 2095 2392; x_wconf 93' lang='lat' dir='ltr'>hoc</span> <span class='ocrx_word' id='word_1_134' title='bbox 2143 2320 2483 2405; x_wconf 84' lang='lat' dir='ltr'>carmine,</span> <span class='ocrx_word' id='word_1_135' title='bbox 2526 2340 2709 2413; x_wconf 89' lang='lat' dir='ltr'>quae</span> <span class='ocrx_word' id='word_1_136' title='bbox 2747 2341 3033 2390; x_wconf 91' lang='lat' dir='ltr'>correc-</span> 
     </span>
     <span class='ocr_line' id='line_1_21' title="bbox 643 2422 3027 2517; baseline -0.002 -20"><span class='ocrx_word' id='word_1_137' title='bbox 643 2427 834 2498; x_wconf 91' lang='lat' dir='ltr'>tione</span> <span class='ocrx_word' id='word_1_138' title='bbox 885 2424 1261 2517; x_wconf 80' lang='lat' dir='ltr'>indigeant.</span> <span class='ocrx_word' id='word_1_139' title='bbox 1339 2423 1440 2494; x_wconf 90' lang='lat' dir='ltr'>Ac</span> <span class='ocrx_word' id='word_1_140' title='bbox 1478 2447 1543 2494; x_wconf 87' lang='lat' dir='ltr'>v.</span> <span class='ocrx_word' id='word_1_141' title='bbox 1582 2422 1699 2494; x_wconf 78' lang='lat'>49.</span> <span class='ocrx_word' id='word_1_142' title='bbox 1747 2446 1889 2494; x_wconf 90' lang='lat' dir='ltr'>non</span> <span class='ocrx_word' id='word_1_143' title='bbox 1942 2434 2050 2496; x_wconf 90' lang='lat' dir='ltr'>est</span> <span class='ocrx_word' id='word_1_144' title='bbox 2096 2424 2246 2493; x_wconf 86' lang='lat' dir='ltr'>veri</span> <span class='ocrx_word' id='word_1_145' title='bbox 2281 2423 2503 2495; x_wconf 90' lang='lat' dir='ltr'>simile</span> <span class='ocrx_word' id='word_1_146' title='bbox 2539 2433 2615 2495; x_wconf 90' lang='lat' dir='ltr'>ut</span> <span class='ocrx_word' id='word_1_147' title='bbox 2650 2423 2919 2493; x_wconf 87' lang='lat' dir='ltr'>hiatum</span> <span class='ocrx_word' id='word_1_148' title='bbox 2956 2424 3027 2493; x_wconf 91' lang='lat' dir='ltr'>in</span> 
     </span>
     <span class='ocr_line' id='line_1_22' title="bbox 643 2526 2487 2622; baseline -0.002 -22"><span class='ocrx_word' id='word_1_149' title='bbox 643 2529 718 2600; x_wconf 80' lang='grc' dir='ltr'>δὲ</span> <span class='ocrx_word' id='word_1_150' title='bbox 755 2529 932 2606; x_wconf 78' lang='grc' dir='ltr'><strong><em>ἴδιος</em></strong></span> <span class='ocrx_word' id='word_1_151' title='bbox 967 2528 1531 2621; x_wconf 84' lang='lat' dir='ltr'>interpretentur,</span> <span class='ocrx_word' id='word_1_152' title='bbox 1571 2526 1934 2620; x_wconf 87' lang='lat' dir='ltr'>scripsisse</span> <span class='ocrx_word' id='word_1_153' title='bbox 1971 2536 2250 2622; x_wconf 89' lang='lat' dir='ltr'>poetam</span> <span class='ocrx_word' id='word_1_154' title='bbox 2287 2537 2487 2621; x_wconf 87' lang='lat' dir='ltr'>puto:</span> 
     </span>
     <span class='ocr_line' id='line_1_23' title="bbox 1055 2629 2339 2724; baseline -0.002 -21"><span class='ocrx_word' id='word_1_155' title='bbox 1055 2630 1184 2722; x_wconf 79' lang='grc' dir='ltr'>ἐγώ</span> <span class='ocrx_word' id='word_1_156' title='bbox 1222 2631 1283 2700; x_wconf 80' lang='grc' dir='ltr'>δ’</span> <span class='ocrx_word' id='word_1_157' title='bbox 1327 2629 1428 2702; x_wconf 82' lang='grc' dir='ltr'>ἅτ’</span> <span class='ocrx_word' id='word_1_158' title='bbox 1473 2631 1647 2709; x_wconf 82' lang='grc' dir='ltr'><strong><em>ἴδιος</em></strong></span> <span class='ocrx_word' id='word_1_159' title='bbox 1682 2634 1757 2703; x_wconf 81' lang='grc' dir='ltr'>ἐν</span> <span class='ocrx_word' id='word_1_160' title='bbox 1792 2632 2001 2724; x_wconf 79' lang='grc' dir='ltr'><strong><em>κοινῷ</em></strong></span> <span class='ocrx_word' id='word_1_161' title='bbox 2042 2630 2339 2709; x_wconf 79' lang='grc' dir='ltr'><strong><em>σταλείς.</em></strong></span> 
     </span>
    </p>
   </div>
   <div class='ocr_carea' id='block_1_4' title="bbox 642 2780 3035 4114">
    <p class='ocr_par' dir='ltr' id='par_1_4' title="bbox 852 2780 3035 2858">
     <span class='ocr_line' id='line_1_24' title="bbox 852 2780 3035 2858; baseline 0 -3"><span class='ocrx_word' id='word_1_162' title='bbox 852 2785 927 2855; x_wconf 90' lang='lat' dir='ltr'>V.</span> <span class='ocrx_word' id='word_1_163' title='bbox 974 2785 1093 2856; x_wconf 75' lang='lat'>74.</span> <span class='ocrx_word' id='word_1_164' title='bbox 1136 2807 1390 2856; x_wconf 85' lang='lat' dir='ltr'>vereor</span> <span class='ocrx_word' id='word_1_165' title='bbox 1430 2808 1521 2857; x_wconf 90' lang='lat' dir='ltr'>ne</span> <span class='ocrx_word' id='word_1_166' title='bbox 1556 2780 1948 2858; x_wconf 79' lang='grc' dir='ltr'><strong><em>κνώσσοντί</em></strong></span> <span class='ocrx_word' id='word_1_167' title='bbox 1996 2791 2066 2856; x_wconf 86' lang='grc' dir='ltr'>οἱ</span> <span class='ocrx_word' id='word_1_168' title='bbox 2111 2787 2181 2856; x_wconf 92' lang='lat' dir='ltr'>in</span> <span class='ocrx_word' id='word_1_169' title='bbox 2234 2808 2444 2857; x_wconf 91' lang='lat' dir='ltr'>versu</span> <span class='ocrx_word' id='word_1_170' title='bbox 2496 2788 2584 2857; x_wconf 92' lang='lat' dir='ltr'>ab</span> <span class='ocrx_word' id='word_1_171' title='bbox 2635 2785 2871 2858; x_wconf 88' lang='lat' dir='ltr'>iambo</span> <span class='ocrx_word' id='word_1_172' title='bbox 2926 2789 3035 2856; x_wconf 90' lang='lat' dir='ltr'>in-</span> 
     </span>
    </p>

    <p class='ocr_par' dir='ltr' id='par_1_5' title="bbox 643 2889 2480 2984">
     <span class='ocr_line' id='line_1_25' title="bbox 643 2889 2480 2984; baseline -0.001 -23"><span class='ocrx_word' id='word_1_173' title='bbox 643 2889 945 2984; x_wconf 90' lang='lat' dir='ltr'>cipiente</span> <span class='ocrx_word' id='word_1_174' title='bbox 981 2890 1377 2983; x_wconf 83' lang='lat' dir='ltr'>interpretis</span> <span class='ocrx_word' id='word_1_175' title='bbox 1415 2891 1526 2975; x_wconf 87' lang='lat' dir='ltr'>sit,</span> <span class='ocrx_word' id='word_1_176' title='bbox 1565 2912 1781 2983; x_wconf 91' lang='lat' dir='ltr'>quum</span> <span class='ocrx_word' id='word_1_177' title='bbox 1811 2899 2021 2983; x_wconf 90' lang='lat' dir='ltr'>poeta</span> <span class='ocrx_word' id='word_1_178' title='bbox 2059 2889 2480 2983; x_wconf 89' lang='lat' dir='ltr'>scripsisset:</span> 
     </span>
    </p>

    <p class='ocr_par' dir='ltr' id='par_1_6' title="bbox 1057 2992 1799 3088">
     <span class='ocr_line' id='line_1_26' title="bbox 1057 2992 1799 3088; baseline 0 -25"><span class='ocrx_word' id='word_1_179' title='bbox 1057 2993 1417 3083; x_wconf 82' lang='grc' dir='ltr'><strong><em>κυαναιγὶς</em></strong></span> <span class='ocrx_word' id='word_1_180' title='bbox 1452 2998 1526 3066; x_wconf 82' lang='grc' dir='ltr'>ἐν</span> <span class='ocrx_word' id='word_1_181' title='bbox 1564 2992 1799 3088; x_wconf 82' lang='grc' dir='ltr'><strong><em>ὄρφνᾳ</em></strong></span> 
     </span>
    </p>

    <p class='ocr_par' dir='ltr' id='par_1_7' title="bbox 1055 3094 2307 3189">
     <span class='ocr_line' id='line_1_27' title="bbox 1055 3094 2307 3189; baseline 0 -23"><span class='ocrx_word' id='word_1_182' title='bbox 1055 3096 1345 3167; x_wconf 80' lang='grc' dir='ltr'><strong><em>πνεόντί</em></strong></span> <span class='ocrx_word' id='word_1_183' title='bbox 1377 3102 1446 3168; x_wconf 86' lang='grc' dir='ltr'>οἱ</span> <span class='ocrx_word' id='word_1_184' title='bbox 1482 3098 1839 3189; x_wconf 73' lang='grc' dir='ltr'><strong><em>παρθένος</em></strong></span> <span class='ocrx_word' id='word_1_185' title='bbox 1874 3094 1957 3167; x_wconf 89' lang='grc' dir='ltr'>τό</span> <span class='ocrx_word' id='word_1_186' title='bbox 1965 3122 2053 3167; x_wconf 92' lang='grc' dir='ltr'>σα</span> <span class='ocrx_word' id='word_1_187' title='bbox 2089 3097 2307 3167; x_wconf 79' lang='grc' dir='ltr'><strong><em>εἰπεῖν</em></strong></span> 
     </span>
    </p>

    <p class='ocr_par' dir='ltr' id='par_1_8' title="bbox 642 3197 3035 4114">
     <span class='ocr_line' id='line_1_28' title="bbox 1056 3197 2324 3294; baseline 0.001 -25"><span class='ocrx_word' id='word_1_188' title='bbox 1056 3199 1309 3281; x_wconf 77' lang='grc' dir='ltr'><strong><em>ἔδοξεν·</em></strong></span> <span class='ocrx_word' id='word_1_189' title='bbox 1358 3197 1492 3270; x_wconf 87' lang='grc' dir='ltr'>ἀνὰ</span> <span class='ocrx_word' id='word_1_190' title='bbox 1530 3199 1593 3267; x_wconf 77' lang='grc' dir='ltr'>δ’</span> <span class='ocrx_word' id='word_1_191' title='bbox 1636 3198 1859 3270; x_wconf 81' lang='grc' dir='ltr'><strong><em>ἔπαλτ’</em></strong></span> <span class='ocrx_word' id='word_1_192' title='bbox 1902 3200 2101 3294; x_wconf 72' lang='grc' dir='ltr'><strong><em>ὀρθῷ</em></strong></span> <span class='ocrx_word' id='word_1_193' title='bbox 2136 3199 2324 3270; x_wconf 76' lang='grc' dir='ltr'><strong><em>ποδί.</em></strong></span> 
     </span>
     <span class='ocr_line' id='line_1_29' title="bbox 642 3299 3029 3398; baseline 0.002 -25"><span class='ocrx_word' id='word_1_194' title='bbox 642 3302 1034 3396; x_wconf 83' lang='lat' dir='ltr'>Aeschylus</span> <span class='ocrx_word' id='word_1_195' title='bbox 1090 3300 1395 3395; x_wconf 85' lang='lat' dir='ltr'>Choeph.</span> <span class='ocrx_word' id='word_1_196' title='bbox 1446 3299 1617 3371; x_wconf 77' lang='lat'>647.</span> <span class='ocrx_word' id='word_1_197' title='bbox 1666 3307 1900 3373; x_wconf 76' lang='grc' dir='ltr'><strong><em>Νῖσον</em></strong></span> <span class='ocrx_word' id='word_1_198' title='bbox 1937 3299 2323 3379; x_wconf 73' lang='grc' dir='ltr'><strong><em>ἀθανάτας</em></strong></span> <span class='ocrx_word' id='word_1_199' title='bbox 2371 3302 2610 3398; x_wconf 86' lang='grc' dir='ltr'><strong><em>τριχὸς</em></strong></span> <span class='ocrx_word' id='word_1_200' title='bbox 2654 3302 3029 3397; x_wconf 82' lang='grc' dir='ltr'><strong><em>νοσφίσασ’</em></strong></span> 
     </span>
     <span class='ocr_line' id='line_1_30' title="bbox 644 3401 3033 3501; baseline 0.002 -25"><span class='ocrx_word' id='word_1_201' title='bbox 644 3401 1099 3501; x_wconf 78' lang='grc' dir='ltr'><strong><em>ἀπροβούλως</em></strong></span> <span class='ocrx_word' id='word_1_202' title='bbox 1159 3405 1450 3476; x_wconf 75' lang='grc' dir='ltr'><strong><em>πνέονθ’</em></strong></span> <span class='ocrx_word' id='word_1_203' title='bbox 1518 3404 1564 3474; x_wconf 83' lang='grc' dir='ltr'><em>ἁ</em></span> <span class='ocrx_word' id='word_1_204' title='bbox 1625 3401 2000 3499; x_wconf 80' lang='grc' dir='ltr'><strong><em>κυνόφρων</em></strong></span> <span class='ocrx_word' id='word_1_205' title='bbox 2059 3402 2294 3496; x_wconf 78' lang='grc' dir='ltr'><strong><em>ὕπνῳ,</em></strong></span> <span class='ocrx_word' id='word_1_206' title='bbox 2360 3405 2552 3498; x_wconf 88' lang='lat' dir='ltr'>quod</span> <span class='ocrx_word' id='word_1_207' title='bbox 2614 3407 3033 3479; x_wconf 86' lang='lat' dir='ltr'>scholiastes</span> 
     </span>
     <span class='ocr_line' id='line_1_31' title="bbox 645 3503 3035 3605; baseline 0.003 -27"><span class='ocrx_word' id='word_1_208' title='bbox 645 3509 1138 3602; x_wconf 87' lang='lat' dir='ltr'>interpretatur</span> <span class='ocrx_word' id='word_1_209' title='bbox 1174 3503 1700 3598; x_wconf 77' lang='grc' dir='ltr'><strong><em>ἀσθμαίνοντα.</em></strong></span> <span class='ocrx_word' id='word_1_210' title='bbox 1793 3505 1928 3577; x_wconf 90' lang='lat' dir='ltr'>Cur</span> <span class='ocrx_word' id='word_1_211' title='bbox 1965 3515 2196 3577; x_wconf 87' lang='lat' dir='ltr'>autem</span> <span class='ocrx_word' id='word_1_212' title='bbox 2234 3506 2371 3578; x_wconf 82' lang='grc' dir='ltr'>ἀνὰ</span> <span class='ocrx_word' id='word_1_213' title='bbox 2408 3510 2468 3579; x_wconf 74' lang='grc' dir='ltr'>δ’</span> <span class='ocrx_word' id='word_1_214' title='bbox 2510 3504 2794 3600; x_wconf 51' lang='lat' dir='ltr'>inacho,</span> <span class='ocrx_word' id='word_1_215' title='bbox 2836 3513 3035 3605; x_wconf 90' lang='lat' dir='ltr'>quod</span> 
     </span>
     <span class='ocr_line' id='line_1_32' title="bbox 644 3608 3033 3704; baseline 0 -20"><span class='ocrx_word' id='word_1_216' title='bbox 644 3621 754 3684; x_wconf 86' lang='lat' dir='ltr'>est</span> <span class='ocrx_word' id='word_1_217' title='bbox 789 3613 1133 3683; x_wconf 83' lang='grc' dir='ltr'><strong><em>ἀνέπαλτο</em></strong></span> <span class='ocrx_word' id='word_1_218' title='bbox 1185 3609 1265 3679; x_wconf 80' lang='grc' dir='ltr'>δέ</span> <span class='ocrx_word' id='word_1_219' title='bbox 1276 3658 1300 3697; x_wconf 88' lang='grc'><strong><em>,</em></strong></span> <span class='ocrx_word' id='word_1_220' title='bbox 1357 3608 1447 3680; x_wconf 94' lang='lat' dir='ltr'>de</span> <span class='ocrx_word' id='word_1_221' title='bbox 1494 3629 1634 3702; x_wconf 90' lang='lat' dir='ltr'>quo</span> <span class='ocrx_word' id='word_1_222' title='bbox 1671 3610 1892 3680; x_wconf 88' lang='lat' dir='ltr'>verbo</span> <span class='ocrx_word' id='word_1_223' title='bbox 1938 3608 2319 3704; x_wconf 86' lang='lat' dir='ltr'>disputavit</span> <span class='ocrx_word' id='word_1_224' title='bbox 2357 3612 2753 3704; x_wconf 87' lang='lat' dir='ltr'>Spitznerus</span> <span class='ocrx_word' id='word_1_225' title='bbox 2790 3614 2862 3683; x_wconf 92' lang='lat' dir='ltr'>in</span> <span class='ocrx_word' id='word_1_226' title='bbox 2900 3637 3033 3685; x_wconf 82' lang='lat' dir='ltr'>ex-</span> 
     </span>
     <span class='ocr_line' id='line_1_33' title="bbox 643 3712 3032 3811; baseline 0.001 -25"><span class='ocrx_word' id='word_1_227' title='bbox 643 3737 856 3788; x_wconf 90' lang='lat' dir='ltr'>cursu</span> <span class='ocrx_word' id='word_1_228' title='bbox 892 3714 1063 3785; x_wconf 90' lang='lat' dir='ltr'>XVI.</span> <span class='ocrx_word' id='word_1_229' title='bbox 1106 3712 1198 3784; x_wconf 93' lang='lat' dir='ltr'>ad</span> <span class='ocrx_word' id='word_1_230' title='bbox 1233 3712 1556 3798; x_wconf 90' lang='lat' dir='ltr'>Iliadem,</span> <span class='ocrx_word' id='word_1_231' title='bbox 1611 3722 1952 3784; x_wconf 85' lang='lat' dir='ltr'>mutatum</span> <span class='ocrx_word' id='word_1_232' title='bbox 2002 3714 2090 3783; x_wconf 90' lang='lat' dir='ltr'>sit</span> <span class='ocrx_word' id='word_1_233' title='bbox 2140 3714 2209 3783; x_wconf 88' lang='lat' dir='ltr'>in</span> <span class='ocrx_word' id='word_1_234' title='bbox 2245 3714 2385 3784; x_wconf 81' lang='grc' dir='ltr'><strong><em>ἀνὰ</em></strong></span> <span class='ocrx_word' id='word_1_235' title='bbox 2420 3715 2484 3785; x_wconf 80' lang='grc' dir='ltr'>δ’</span> <span class='ocrx_word' id='word_1_236' title='bbox 2523 3717 2818 3806; x_wconf 79' lang='grc' dir='ltr'><strong><em>ἐπᾶλτο,</em></strong></span> <span class='ocrx_word' id='word_1_237' title='bbox 2862 3740 3032 3811; x_wconf 89' lang='lat' dir='ltr'>pro-</span> 
     </span>
     <span class='ocr_line' id='line_1_34' title="bbox 645 3816 3030 3916; baseline 0.003 -29"><span class='ocrx_word' id='word_1_238' title='bbox 645 3829 1033 3913; x_wconf 80' lang='lat' dir='ltr'>pagataque</span> <span class='ocrx_word' id='word_1_239' title='bbox 1069 3816 1245 3887; x_wconf 92' lang='lat' dir='ltr'>haec</span> <span class='ocrx_word' id='word_1_240' title='bbox 1283 3816 1622 3908; x_wconf 88' lang='lat' dir='ltr'>scriptura</span> <span class='ocrx_word' id='word_1_241' title='bbox 1661 3816 1872 3885; x_wconf 90' lang='lat' dir='ltr'>etiam</span> <span class='ocrx_word' id='word_1_242' title='bbox 1908 3816 1980 3886; x_wconf 92' lang='lat' dir='ltr'>in</span> <span class='ocrx_word' id='word_1_243' title='bbox 2016 3818 2427 3889; x_wconf 90' lang='lat' dir='ltr'>novissimas</span> <span class='ocrx_word' id='word_1_244' title='bbox 2458 3818 2825 3906; x_wconf 82' lang='lat' dir='ltr'>editioneS,</span> <span class='ocrx_word' id='word_1_245' title='bbox 2864 3844 3030 3916; x_wconf 86' lang='lat' dir='ltr'>per-</span> 
     </span>
     <span class='ocr_line' id='line_1_35' title="bbox 644 3918 3028 4016; baseline 0.003 -26"><span class='ocrx_word' id='word_1_246' title='bbox 644 3922 893 3993; x_wconf 90' lang='lat' dir='ltr'>mirum</span> <span class='ocrx_word' id='word_1_247' title='bbox 940 3931 1067 3992; x_wconf 89' lang='lat' dir='ltr'>est.</span> <span class='ocrx_word' id='word_1_248' title='bbox 1160 3920 1337 3991; x_wconf 86' lang='lat' dir='ltr'>Nam</span> <span class='ocrx_word' id='word_1_249' title='bbox 1386 3939 1617 4011; x_wconf 89' lang='lat' dir='ltr'>neque</span> <span class='ocrx_word' id='word_1_250' title='bbox 1668 3918 1922 3990; x_wconf 79' lang='grc' dir='ltr'><strong><em>ἐπᾶλτο</em></strong></span> <span class='ocrx_word' id='word_1_251' title='bbox 1976 3919 2087 3990; x_wconf 91' lang='lat' dir='ltr'>hic</span> <span class='ocrx_word' id='word_1_252' title='bbox 2135 3920 2274 3992; x_wconf 93' lang='lat' dir='ltr'>dici</span> <span class='ocrx_word' id='word_1_253' title='bbox 2321 3922 2575 4016; x_wconf 88' lang='lat' dir='ltr'>potuit,</span> <span class='ocrx_word' id='word_1_254' title='bbox 2624 3924 2745 4015; x_wconf 91' lang='lat' dir='ltr'>qui</span> <span class='ocrx_word' id='word_1_255' title='bbox 2790 3936 3028 3996; x_wconf 85' lang='lat' dir='ltr'>autem</span> 
     </span>
     <span class='ocr_line' id='line_1_36' title="bbox 648 4020 2213 4114; baseline 0 -21"><span class='ocrx_word' id='word_1_256' title='bbox 648 4022 786 4093; x_wconf 81' lang='grc' dir='ltr'>ἀνὰ</span> <span class='ocrx_word' id='word_1_257' title='bbox 818 4024 985 4095; x_wconf 74' lang='grc' dir='ltr'><strong><em>ποδὶ</em></strong></span> <span class='ocrx_word' id='word_1_258' title='bbox 1022 4023 1356 4108; x_wconf 85' lang='lat' dir='ltr'>exsiliret,</span> <span class='ocrx_word' id='word_1_259' title='bbox 1397 4022 1624 4092; x_wconf 90' lang='lat' dir='ltr'>alieno</span> <span class='ocrx_word' id='word_1_260' title='bbox 1660 4020 1846 4114; x_wconf 90' lang='lat' dir='ltr'>pede</span> <span class='ocrx_word' id='word_1_261' title='bbox 1887 4033 2213 4096; x_wconf 87' lang='lat' dir='ltr'>uteretur.</span> 
     </span>
    </p>
   </div>
   <div class='ocr_carea' id='block_1_5' title="bbox 643 4171 3028 4684">
    <p class='ocr_par' dir='ltr' id='par_1_9' title="bbox 643 4171 3028 4684">
     <span class='ocr_line' id='line_1_37' title="bbox 849 4171 3028 4275; baseline 0.005 -31"><span class='ocrx_word' id='word_1_262' title='bbox 849 4176 927 4245; x_wconf 91' lang='lat' dir='ltr'>V.</span> <span class='ocrx_word' id='word_1_263' title='bbox 971 4176 1089 4248; x_wconf 83' lang='lat'>79.</span> <span class='ocrx_word' id='word_1_264' title='bbox 1146 4178 1497 4270; x_wconf 79' lang='lat' dir='ltr'>Kayserus</span> <span class='ocrx_word' id='word_1_265' title='bbox 1554 4185 1749 4245; x_wconf 89' lang='lat' dir='ltr'>recte</span> <span class='ocrx_word' id='word_1_266' title='bbox 1797 4171 1842 4268; x_wconf 88' lang='grc' dir='ltr'><strong><em>ᾇ</em></strong></span> <span class='ocrx_word' id='word_1_267' title='bbox 1893 4175 2230 4268; x_wconf 83' lang='grc' dir='ltr'><strong><em>τάχιστα,</em></strong></span> <span class='ocrx_word' id='word_1_268' title='bbox 2285 4179 2413 4251; x_wconf 88' lang='lat' dir='ltr'>sed</span> <span class='ocrx_word' id='word_1_269' title='bbox 2463 4180 2655 4271; x_wconf 91' lang='lat' dir='ltr'>quod</span> <span class='ocrx_word' id='word_1_270' title='bbox 2709 4184 3028 4275; x_wconf 87' lang='lat' dir='ltr'>sequitur</span> 
     </span>
     <span class='ocr_line' id='line_1_38' title="bbox 643 4274 3019 4377; baseline 0.004 -28"><span class='ocrx_word' id='word_1_271' title='bbox 643 4274 903 4373; x_wconf 79' lang='grc' dir='ltr'><strong><em>αὐερύῃ</em></strong></span> <span class='ocrx_word' id='word_1_272' title='bbox 921 4328 948 4367; x_wconf 88' lang='grc'><strong><em>,</em></strong></span> <span class='ocrx_word' id='word_1_273' title='bbox 1011 4281 1160 4351; x_wconf 91' lang='lat' dir='ltr'>eius</span> <span class='ocrx_word' id='word_1_274' title='bbox 1204 4301 1376 4351; x_wconf 85' lang='lat' dir='ltr'>vera</span> <span class='ocrx_word' id='word_1_275' title='bbox 1424 4279 1767 4371; x_wconf 87' lang='lat' dir='ltr'>scriptura</span> <span class='ocrx_word' id='word_1_276' title='bbox 1821 4280 2044 4377; x_wconf 81' lang='grc' dir='ltr'><strong><em>ἀνρύῃ</em></strong></span> <span class='ocrx_word' id='word_1_277' title='bbox 2102 4284 2169 4352; x_wconf 91' lang='lat' dir='ltr'>in</span> <span class='ocrx_word' id='word_1_278' title='bbox 2222 4283 2503 4354; x_wconf 88' lang='lat' dir='ltr'>scholiis</span> <span class='ocrx_word' id='word_1_279' title='bbox 2556 4297 2838 4357; x_wconf 89' lang='lat' dir='ltr'>servata</span> <span class='ocrx_word' id='word_1_280' title='bbox 2890 4301 3019 4359; x_wconf 90' lang='lat' dir='ltr'>est.</span> 
     </span>
     <span class='ocr_line' id='line_1_39' title="bbox 646 4380 3017 4479; baseline 0.003 -26"><span class='ocrx_word' id='word_1_281' title='bbox 646 4382 917 4453; x_wconf 84' lang='lat' dir='ltr'>Scimus</span> <span class='ocrx_word' id='word_1_282' title='bbox 979 4384 1164 4453; x_wconf 87' lang='lat' dir='ltr'>enim</span> <span class='ocrx_word' id='word_1_283' title='bbox 1217 4380 1659 4454; x_wconf 78' lang='lat' dir='ltr'>Homericum</span> <span class='ocrx_word' id='word_1_284' title='bbox 1725 4383 2112 4479; x_wconf 71' lang='grc' dir='ltr'><strong><em>αὐέρυσαν,</em></strong></span> <span class='ocrx_word' id='word_1_285' title='bbox 2189 4397 2263 4456; x_wconf 87' lang='lat' dir='ltr'>ut</span> <span class='ocrx_word' id='word_1_286' title='bbox 2316 4387 2596 4460; x_wconf 81' lang='lat' dir='ltr'>Hesiodi</span> <span class='ocrx_word' id='word_1_287' title='bbox 2651 4387 3017 4479; x_wconf 79' lang='grc' dir='ltr'><strong><em>καυαξαις,</em></strong></span> 
     </span>
     <span class='ocr_line' id='line_1_40' title="bbox 647 4483 3023 4586; baseline 0.002 -26"><span class='ocrx_word' id='word_1_288' title='bbox 647 4508 805 4560; x_wconf 87' lang='lat' dir='ltr'>esse</span> <span class='ocrx_word' id='word_1_289' title='bbox 843 4486 1189 4579; x_wconf 82' lang='grc' dir='ltr'><strong><em>ἀνέρυσαν</em></strong></span> <span class='ocrx_word' id='word_1_290' title='bbox 1234 4495 1306 4556; x_wconf 90' lang='lat' dir='ltr'>et</span> <span class='ocrx_word' id='word_1_291' title='bbox 1350 4483 1722 4574; x_wconf 73' lang='grc' dir='ltr'><strong><em>κατ-ἄξαις,</em></strong></span> <span class='ocrx_word' id='word_1_292' title='bbox 1781 4486 2021 4559; x_wconf 87' lang='lat' dir='ltr'>litteris</span> <span class='ocrx_word' id='word_1_293' title='bbox 2057 4514 2098 4558; x_wconf 86' lang='grc' dir='ltr'>ν</span> <span class='ocrx_word' id='word_1_294' title='bbox 2135 4498 2206 4559; x_wconf 91' lang='lat' dir='ltr'>et</span> <span class='ocrx_word' id='word_1_295' title='bbox 2240 4517 2284 4561; x_wconf 85' lang='grc' dir='ltr'><strong><em>τ</em></strong></span> <span class='ocrx_word' id='word_1_296' title='bbox 2320 4491 2388 4560; x_wconf 91' lang='lat' dir='ltr'>in</span> <span class='ocrx_word' id='word_1_297' title='bbox 2433 4486 2784 4585; x_wconf 83' lang='lat' dir='ltr'>digamma</span> <span class='ocrx_word' id='word_1_298' title='bbox 2832 4493 3023 4586; x_wconf 89' lang='lat' dir='ltr'>quod</span> 
     </span>
     <span class='ocr_line' id='line_1_41' title="bbox 647 4589 3024 4684; baseline 0.003 -23"><span class='ocrx_word' id='word_1_299' title='bbox 647 4590 1073 4684; x_wconf 83' lang='lat' dir='ltr'>sequebatur</span> <span class='ocrx_word' id='word_1_300' title='bbox 1108 4589 1408 4660; x_wconf 87' lang='lat' dir='ltr'>mutatis.</span> <span class='ocrx_word' id='word_1_301' title='bbox 1497 4589 1571 4657; x_wconf 91' lang='lat' dir='ltr'>ln</span> <span class='ocrx_word' id='word_1_302' title='bbox 1622 4591 1941 4682; x_wconf 83' lang='lat' dir='ltr'>proximo</span> <span class='ocrx_word' id='word_1_303' title='bbox 1996 4613 2202 4665; x_wconf 90' lang='lat' dir='ltr'>versu</span> <span class='ocrx_word' id='word_1_304' title='bbox 2247 4593 2463 4672; x_wconf 64' lang='grc' dir='ltr'><strong><em>εὐθὺς</em></strong></span> <span class='ocrx_word' id='word_1_305' title='bbox 2508 4594 2676 4666; x_wconf 89' lang='lat' dir='ltr'>nihil</span> <span class='ocrx_word' id='word_1_306' title='bbox 2730 4595 2824 4668; x_wconf 93' lang='lat' dir='ltr'>ad</span> <span class='ocrx_word' id='word_1_307' title='bbox 2877 4620 3024 4669; x_wconf 87' lang='lat' dir='ltr'>rem</span> 
     </span>
    </p>
   </div>
   <div class='ocr_carea' id='block_1_6' title="bbox 3273 525 3288 792">
    <p class='ocr_par' dir='ltr' id='par_1_10' title="bbox 3273 525 3288 792">
     <span class='ocr_line' id='line_1_42' title="bbox 3273 525 3288 792; textangle 90"><span class='ocrx_word' id='word_1_308' title='bbox 3285 751 3288 792; x_wconf 37' lang='grc' dir='ltr'>Ϋᾼ</span> <span class='ocrx_word' id='word_1_309' title='bbox 3283 673 3284 698; x_wconf 34' lang='grc' dir='ltr'>Λα</span> <span class='ocrx_word' id='word_1_310' title='bbox 3283 633 3284 638; x_wconf 35' lang='grc' dir='ltr'><em>Α</em></span> <span class='ocrx_word' id='word_1_311' title='bbox 3273 525 3284 618; x_wconf 39' lang='lat'>⁴⁴⁴—-</span> 
     </span>
    </p>
   </div>
  </div>
 </body>
</html>
