3328 5326
711 376 781 438 2⁴
801 378 835 435 Ο
1690 372 2118 434 EURIPIDES.

653 601 656 606 >
713 567 852 638 dici
902 587 1041 635 non
1093 586 1268 657 opus
1319 564 1428 633 sit.
1523 562 1615 634 Τι’
1646 565 1909 655 μαθών
1947 576 2181 635 autem
2218 575 2294 636 ut
2328 563 2743 635 defenderet
2778 564 2884 633 vir
2919 585 3061 635 acu-

712 671 1048 752 tissimuS,
1116 668 1288 737 scite
1351 667 1632 764 quidem
1700 669 2008 752 monuit,
2068 668 2132 737 si
2191 667 2265 738 τί
2312 668 2578 759 ἑζιιαθες
2633 667 2809 737 ὥστε
2859 669 3061 736 ταῦτα

711 774 1002 869 ποιῆσαι
1039 793 1179 841 non
1216 771 1305 841 sit
1341 770 1730 854 inventum,
1780 793 2100 842 caussam
2149 793 2308 841 esse
2345 770 2537 863 quod
2575 770 2734 844 talia
2771 770 2837 838 in
2878 770 3064 862 parti-

712 877 967 969 cipium
1014 886 1283 945 vertere
1335 874 1582 945 Graeci
1631 876 2162 946 consueverint:
2239 874 2368 945 sed
2418 896 2504 944 eo
2556 895 2698 944 non
2753 875 3064 945 refutatur

711 978 897 1072 quod
964 979 1030 1047 in
1085 978 1516 1072 praefatione
1563 976 2046 1071 Aristophanis
2102 979 2402 1049 Nubium
2469 977 2776 1048 defendi.
2872 976 3066 1047 Video

710 1105 880 1153 sane
918 1082 1127 1152 etiam
1163 1082 1541 1176 novissime
1578 1082 1720 1152 duo
1750 1081 2192 1154 doctissimos
2232 1082 2440 1166 VirOS,
2476 1081 2548 1151 C.
2584 1081 2664 1150 G.
2701 1081 3068 1172 Kriigerum

710 1187 776 1255 in
840 1186 1291 1279 grammatica
1338 1186 1602 1255 Graeca
1657 1186 1703 1254 Ι.
1752 1187 1822 1258 2.
1863 1210 1929 1279 p.
1982 1187 2148 1256 497.
2198 1196 2269 1255 et
2319 1187 2363 1254 Ι.
2417 1185 2496 1253 Ν.
2547 1184 2969 1277 Madvigium
3011 1184 3070 1251 in

712 1290 1001 1382 Syntaxi
1037 1313 1101 1383 p.
1141 1292 1309 1360 495.
1344 1290 1634 1360 alterum
1673 1288 1747 1359 τί
1771 1289 2028 1360 παθών
2058 1300 2127 1359 et
2153 1288 2228 1360 τί
2250 1287 2512 1379 μαθών
2540 1288 2691 1381 pari
2720 1297 3067 1380 potestate,

708 1394 1039 1464 librorum
1078 1402 1153 1463 ut
1187 1393 1463 1464 videtur
1500 1392 1695 1476 fide,
1724 1393 2016 1464 alterum
2064 1415 2224 1464 cum
2261 1414 2347 1463 eo
2388 1391 2788 1462 discrimine
2828 1391 3067 1461 dictum

707 1507 986 1590 putare,
1026 1496 1218 1589 quod
1256 1519 1295 1566 a
1335 1496 1402 1565 F.
1445 1495 1525 1565 A.
1572 1495 1825 1566 Wolfio
1876 1496 2229 1589 proditum
2275 1495 2487 1565 etiam
2539 1496 2774 1565 Rostio
2826 1505 2963 1564 tam
3010 1504 3071 1562 et

706 1623 876 1671 vere
914 1600 1403 1692 investigatum
1444 1610 1514 1670 et
1548 1601 1756 1692 plane
1793 1599 2320 1691 luculenterque
2349 1599 2754 1692 explicitum
2781 1599 3069 1679 videtur,

708 1714 783 1776 ut
819 1705 940 1773 vix
975 1703 1167 1796 quod
1204 1703 1503 1774 addatur
1540 1705 1895 1774 inventum
1934 1704 2015 1773 iri
2050 1703 2422 1774 existimet.
2482 1703 2630 1795 Ego
2660 1702 2945 1794 quidem
2970 1721 3068 1769 me

708 1808 1060 1900 aliquanto
1095 1808 1353 1878 ¹minus
1418 1807 1912 1899 obsequiosum
1982 1828 2139 1878 esse
2190 1805 2562 1877 confiteor.
2668 1806 2842 1875 Nam
2900 1803 3072 1897 quod

711 1910 999 1982 Wolfius
1037 1911 1293 1991 statuit,
1335 1909 1409 1980 τί
1440 1911 1703 2001 μαθών
1740 1909 2129 2003 significare
2177 1934 2301 2005 quo
2341 1917 2748 2003 aryumemo,
2790 1908 2949 2004 quid
2981 1930 3071 1978 se-

709 2022 930 2099 cutus,
984 2038 1114 2110 qua
1163 2013 1666 2084 ratiocinatione
1709 2037 1901 2099 ηεαδ,
1953 2013 2024 2083 id
2079 2035 2210 2085 nec
2248 2012 2640 2106 significare
2677 2013 2808 2083 ista
2848 2012 3070 2092 verba,

708 2141 841 2189 nec
880 2140 1087 2212 posse
1117 2117 1515 2211 significare
1544 2118 1918 2189 contendo.
1979 2119 2148 2190 lllud
2176 2117 2427 2188 Graeci
2456 2117 2697 2187 dicunt
2724 2115 2890 2187 τίνα
2914 2113 3075 2205 γνώ-

706 2248 851 2317 μην
889 2222 1088 2311 ἔχων,
1134 2223 1247 2292 vel
1283 2220 1356 2291 τί
1388 2220 1844 2313 βουλόμενος,
1885 2222 1988 2291 vel
2027 2221 2448 2316 τίφρονῶν.
2520 2219 2613 2290 Τι’
2633 2218 2899 2311 μαθών
2924 2234 3078 2288 vero

708 2325 826 2417 qui
878 2326 1009 2395 ista
1063 2334 1404 2417 potestate
1466 2324 1733 2394 dictum
1796 2326 2022 2408 volet,
2093 2348 2254 2396 eum
2323 2322 2697 2393 ostendere
2747 2320 3081 2416 oportebit

707 2426 1110 2518 μανθάνειν
1148 2430 1217 2497 in
1272 2428 1401 2497 ista
1454 2429 1805 2498 locutione
1855 2428 2044 2499 aliud
2081 2427 2474 2521 significare
2509 2449 2719 2518 quam
2757 2426 2948 2518 quod
2985 2434 3079 2495 est

707 2526 1135 2619 μανθάνειν.
1223 2531 1397 2600 Nam
1443 2554 1657 2622 quum
1709 2531 1911 2608 huius
1951 2533 2147 2602 verbi
2187 2534 2293 2602 vis
2341 2533 2410 2599 in
2448 2530 2625 2601 duos
2664 2529 3081 2621 significatus

709 2632 1130 2714 discesserit,
1174 2656 1469 2727 quorum
1508 2634 1682 2705 alter
1711 2634 2049 2717 discendi,
2092 2638 2265 2706 alter
2293 2634 2625 2706 audiendi
2653 2633 3081 2729 comperien-

710 2737 919 2829 dique
973 2747 1109 2822 est,
1168 2749 1459 2831 utroque
1506 2760 1678 2809 sane
1732 2739 1869 2810 dici
1908 2751 2137 2831 potest
2171 2739 2246 2810 τί
2276 2737 2568 2830 μαθών,
2612 2749 2687 2809 ut
2722 2736 2798 2808 τί
2831 2737 3083 2830 μαθών

711 2840 932 2934 σοφὸς
980 2837 1161 2911 εἶναι
1214 2840 1351 2936 φῄς
1368 2871 1393 2936 3
1450 2852 1519 2912 et
1565 2842 1643 2912 τί
1684 2843 1943 2934 μαθών
1990 2846 2338 2934 ἀθυμεῖςς
2394 2843 2485 2912 At
2535 2852 2784 2913 neuter
2841 2839 3082 2911 modus

708 2945 1037 3015 convenit
1082 2944 1211 3015 illis
1261 2947 1634 3039 exemplis,
1688 2947 1757 3015 in
1807 2947 2059 3038 quibus
2105 2946 2182 3016 τί
2226 2944 2489 3037 μαθών
2526 2967 2611 3015 ea
2649 2946 2920 3016 ratione
2959 2963 3084 3036 qua

706 3047 781 3118 τί
813 3048 1072 3120 παθών
1110 3049 1374 3120 dictum
1411 3059 1713 3143 putatur.
1775 3051 2007 3134 Quare
2039 3060 2158 3120 aut
2185 3049 2387 3120 tertia
2425 3049 2656 3140 aliqua
2685 3046 2864 3120 ratio
2894 3069 3085 3118 mon-

706 3151 994 3222 stranda
1030 3154 1161 3222 erit
1194 3152 1271 3222 τί
1301 3152 1565 3244 μαθών
1600 3154 2033 3237 defendenti,
2085 3164 2203 3224 aut
2255 3151 2694 3223 redeundum
2745 3153 2837 3223 ad
2890 3153 3085 3222 alter-

712 3266 934 3325 utram
974 3256 1243 3327 illarum
1279 3278 1454 3348 quas
1492 3257 1637 3328 dixi
1676 3256 2277 3350 significationum.
2347 3256 2450 3325 De
2488 3256 2709 3349 ellipsi
2747 3258 3084 3350 cogitasse

552 3382 688 3446 μω
710 3358 989 3428 videtur
1017 3359 1097 3427 H.
1133 3359 1549 3452 Stephanus,
1589 3383 1806 3453 quum
1843 3361 2159 3430 Latinum
2197 3359 2377 3454 quid,
2417 3358 2691 3445 maleam,
2732 3378 3085 3454 compara·
3182 3348 3188 3358 ’

710 3461 850 3531 bat.
910 3460 1083 3532 Illud
1120 3483 1289 3532 vero
1327 3485 1467 3533 non
1507 3473 1700 3534 recte
1739 3463 1938 3547 dixit,
1977 3465 2182 3534 malle
2209 3485 2286 3534 se
2314 3463 2716 3556 simpliciter
2743 3466 3082 3557 accipere,

715 3576 786 3636 ut
824 3565 1082 3635 Gallice
1137 3563 1206 3633 in
1254 3567 1800 3658 reprehensione
1839 3567 2109 3638 dicatur
2145 3567 2257 3661 qui
2292 3589 2452 3636 vous
2490 3591 2533 3637 a
2569 3568 2800 3662 appris
2840 3566 2882 3637 ὰ
2915 3566 3082 3661 loire

712 3668 905 3740 cela?
957 3668 1133 3739 Nam
1169 3667 1306 3738 hoc
1344 3670 1684 3762 magistri,
1726 3692 1867 3740 non
1905 3672 2238 3742 discentis
2277 3681 2395 3741 aut
2431 3671 2532 3741 rei
2570 3693 2780 3762 quam
2816 3674 2875 3742 is
2915 3668 3086 3742 didi-

713 3774 908 3857 cerit,
943 3773 1521 3866 vituperationem
1552 3775 1883 3845 continet.
1925 3775 2256 3845 Germani
2283 3796 2562 3866 quoque
2590 3775 2691 3845 sic
2721 3776 3082 3868 loquimur,

715 3887 784 3946 et
820 3876 975 3969 quis
1014 3876 1297 3947 tandem
1325 3880 1517 3946 non‘?
1554 3879 1768 3949 veluti
1796 3878 2126 3963 Xerxem,
2158 3878 2249 3949 de
2278 3899 2417 3970 quo
2448 3877 2636 3971 apud
2664 3878 3081 3971 Aeschylum

715 3979 883 4050 dicit
926 3980 1206 4064 DariuS,
1253 3980 1482 4051 ταῦτα
1517 3987 1670 4059 τοῖς
1705 3987 1940 4059 κακοῖς
1977 3981 2245 4073 ὁμιλῶν
2281 3979 2624 4075 ἀνδράσιν
2660 3980 3080 4064 διδάσκεται,

714 4084 1143 4176 interrogare
1180 4093 1474 4177 poterat,
1514 4083 1690 4180 πρὸς
1724 4084 1854 4155 τοῦ
1892 4084 2249 4174 διδαχθεὶς
2283 4086 2513 4155 ταῦτα
2549 4084 2888 4180 ἐποίησας
2901 4114 2927 4178 ,·
2968 4080 3087 4153 sed

717 4208 872 4270 cur,
929 4187 1094 4258 dum
1145 4188 1920 4280 discrimen⁸quaeritur
1968 4188 2158 4280 quod
2211 4187 2474 4259 nullum
2524 4188 2876 4279 neque'in
2932 4207 3085 4256 sen-

718 4291 930 4360 tentia
967 4312 1194 4382 neque
1234 4292 1300 4361 in
1327 4292 1547 4362 animi
1577 4290 1943 4362 affectione
1972 4314 2201 4384 neque
2230 4292 2299 4361 in
2328 4294 2565 4361 colore
2595 4292 2930 4363 orationis
2960 4298 3083 4370 est,

717 4394 884 4466 illud
928 4395 1298 4486 negligitur
1346 4395 1539 4488 quod
1587 4406 1750 4465 ante
1801 4396 2021 4489 pedes
2073 4398 2226 4466 est‘?
2318 4395 2386 4464 Si
2438 4394 2514 4465 τί
2557 4395 2820 4486 μαθών
2867 4394 3082 4464 τοῦτο

717 4503 939 4575 ποιεῖς
975 4507 1082 4568 est
1118 4497 1277 4591 quid
1313 4497 1561 4569 audisti
1597 4507 1671 4568 ut
1705 4498 1826 4570 hoc
1859 4499 2113 4593 facim,
2169 4499 2239 4569 id
2291 4519 2420 4569 usu
2460 4499 2697 4569 tritum
2734 4508 3081 4592 postremo

718 4601 1118 4696 simpliciter
1154 4601 1567 4694 significabit
1604 4625 1744 4689 cur,
1797 4603 2205 4696 diceturque
2254 4602 2467 4672 etiam
2503 4601 2596 4673 de
2630 4603 2839 4675 rebus
2878 4620 3087 4672 sensu
