<?xml version="1.0" encoding="UTF-8"?>
<!DOCTYPE html PUBLIC "-//W3C//DTD XHTML 1.0 Transitional//EN"
    "http://www.w3.org/TR/xhtml1/DTD/xhtml1-transitional.dtd">
<html xmlns="http://www.w3.org/1999/xhtml" xml:lang="en" lang="en">
 <head>
  <title>
</title>
<meta http-equiv="Content-Type" content="text/html;charset=utf-8" />
  <meta name='ocr-system' content='tesseract 3.04.00' />
  <meta name='ocr-capabilities' content='ocr_page ocr_carea ocr_par ocr_line ocrx_word'/>
</head>
<body>
  <div class='ocr_page' id='page_1' title='image "./godofrediherman02hermgoog/godofrediherman02hermgoog_0165.png"; bbox 0 0 3328 5326; ppageno 0'>
   <div class='ocr_carea' id='block_1_1' title="bbox 47 1879 50 2466">
    <p class='ocr_par' dir='ltr' id='par_1_1' title="bbox 47 1879 50 2466">
     <span class='ocr_line' id='line_1_1' title="bbox 47 1879 50 2466; baseline 0 0"><span class='ocrx_word' id='word_1_1' title='bbox 47 1879 50 2466; x_wconf 95' lang='lat' dir='ltr'> </span> 
     </span>
    </p>
   </div>
   <div class='ocr_carea' id='block_1_2' title="bbox 1183 355 2621 420">
    <p class='ocr_par' dir='ltr' id='par_1_2' title="bbox 1183 355 2621 420">
     <span class='ocr_line' id='line_1_2' title="bbox 1183 355 2621 420; baseline 0 -2"><span class='ocrx_word' id='word_1_2' title='bbox 1183 355 1657 420; x_wconf 81' lang='lat' dir='ltr'>AESCHYLUS.</span> <span class='ocrx_word' id='word_1_3' title='bbox 2499 363 2521 420; x_wconf 77' lang='grc'>1</span> <span class='ocrx_word' id='word_1_4' title='bbox 2544 357 2621 418; x_wconf 68' lang='grc'>47</span> 
     </span>
    </p>
   </div>
   <div class='ocr_carea' id='block_1_3' title="bbox 225 546 2739 4766">
    <p class='ocr_par' dir='ltr' id='par_1_3' title="bbox 233 546 2622 1157">
     <span class='ocr_line' id='line_1_3' title="bbox 558 546 2286 645; baseline 0 -26"><span class='ocrx_word' id='word_1_5' title='bbox 558 552 624 619; x_wconf 87' lang='grc' dir='ltr'><em>Τ</em></span> <span class='ocrx_word' id='word_1_6' title='bbox 620 549 845 643; x_wconf 81' lang='grc' dir='ltr'><em>λῆμον</em></span> <span class='ocrx_word' id='word_1_7' title='bbox 883 550 1315 645; x_wconf 70' lang='grc' dir='ltr'><strong>Προμηθεῦ,</strong></span> <span class='ocrx_word' id='word_1_8' title='bbox 1357 550 1487 620; x_wconf 78' lang='grc' dir='ltr'>τοῦ</span> <span class='ocrx_word' id='word_1_9' title='bbox 1524 548 1722 644; x_wconf 80' lang='grc' dir='ltr'><em>δίκην</em></span> <span class='ocrx_word' id='word_1_10' title='bbox 1757 547 2044 638; x_wconf 73' lang='grc' dir='ltr'>πάσχεις</span> <span class='ocrx_word' id='word_1_11' title='bbox 2079 546 2242 619; x_wconf 79' lang='grc' dir='ltr'>τάδε</span> <span class='ocrx_word' id='word_1_12' title='bbox 2261 577 2286 639; x_wconf 81' lang='lat'>3</span> 
     </span>
     <span class='ocr_line' id='line_1_4' title="bbox 238 650 2622 745; baseline 0.001 -25"><span class='ocrx_word' id='word_1_13' title='bbox 238 650 493 735; x_wconf 84' lang='lat' dir='ltr'>Aliter,</span> <span class='ocrx_word' id='word_1_14' title='bbox 550 672 691 723; x_wconf 90' lang='lat' dir='ltr'>non</span> <span class='ocrx_word' id='word_1_15' title='bbox 746 651 1037 744; x_wconf 89' lang='lat' dir='ltr'>aequius</span> <span class='ocrx_word' id='word_1_16' title='bbox 1086 663 1358 735; x_wconf 81' lang='lat' dir='ltr'>tamen,</span> <span class='ocrx_word' id='word_1_17' title='bbox 1408 653 1581 723; x_wconf 81' lang='lat' dir='ltr'>falsa</span> <span class='ocrx_word' id='word_1_18' title='bbox 1615 652 2144 724; x_wconf 82' lang='lat' dir='ltr'>ratiocinatione</span> <span class='ocrx_word' id='word_1_19' title='bbox 2178 652 2459 745; x_wconf 82' lang='lat' dir='ltr'>Reisigii</span> <span class='ocrx_word' id='word_1_20' title='bbox 2496 653 2622 723; x_wconf 89' lang='lat' dir='ltr'>ad·-</span> 
     </span>
     <span class='ocr_line' id='line_1_5' title="bbox 236 753 2616 848; baseline 0 -23"><span class='ocrx_word' id='word_1_21' title='bbox 236 753 524 839; x_wconf 81' lang='lat' dir='ltr'>ductus,</span> <span class='ocrx_word' id='word_1_22' title='bbox 580 754 906 828; x_wconf 83' lang='lat' dir='ltr'>iudicavit</span> <span class='ocrx_word' id='word_1_23' title='bbox 942 754 1353 830; x_wconf 85' lang='lat' dir='ltr'>Franciscus</span> <span class='ocrx_word' id='word_1_24' title='bbox 1390 755 1727 839; x_wconf 81' lang='lat' dir='ltr'>RitteruS‚</span> <span class='ocrx_word' id='word_1_25' title='bbox 1763 755 1884 848; x_wconf 90' lang='lat' dir='ltr'>qui</span> <span class='ocrx_word' id='word_1_26' title='bbox 1920 777 2134 848; x_wconf 89' lang='lat' dir='ltr'>quum</span> <span class='ocrx_word' id='word_1_27' title='bbox 2170 755 2241 824; x_wconf 90' lang='lat' dir='ltr'>in</span> <span class='ocrx_word' id='word_1_28' title='bbox 2282 756 2417 826; x_wconf 89' lang='lat' dir='ltr'>vol.</span> <span class='ocrx_word' id='word_1_29' title='bbox 2452 755 2616 827; x_wconf 89' lang='lat' dir='ltr'>ClX.</span> 
     </span>
     <span class='ocr_line' id='line_1_6' title="bbox 233 857 2622 948; baseline 0.001 -21"><span class='ocrx_word' id='word_1_30' title='bbox 233 857 605 930; x_wconf 78' lang='lat' dir='ltr'>Annalium</span> <span class='ocrx_word' id='word_1_31' title='bbox 645 857 1284 948; x_wconf 77' lang='lat' dir='ltr'>vindobonensium</span> <span class='ocrx_word' id='word_1_32' title='bbox 1337 881 1536 932; x_wconf 91' lang='lat' dir='ltr'>suam</span> <span class='ocrx_word' id='word_1_33' title='bbox 1588 859 1680 930; x_wconf 90' lang='lat' dir='ltr'>de</span> <span class='ocrx_word' id='word_1_34' title='bbox 1720 858 2184 936; x_wconf 85' lang='lat' dir='ltr'>Schoemanni</span> <span class='ocrx_word' id='word_1_35' title='bbox 2231 859 2407 928; x_wconf 92' lang='lat' dir='ltr'>libro</span> <span class='ocrx_word' id='word_1_36' title='bbox 2458 880 2622 930; x_wconf 90' lang='lat' dir='ltr'>sen-</span> 
     </span>
     <span class='ocr_line' id='line_1_7' title="bbox 235 961 2621 1046; baseline 0.001 -16"><span class='ocrx_word' id='word_1_37' title='bbox 235 961 522 1034; x_wconf 87' lang='lat' dir='ltr'>tentiam</span> <span class='ocrx_word' id='word_1_38' title='bbox 574 961 863 1046; x_wconf 85' lang='lat' dir='ltr'>diceret,</span> <span class='ocrx_word' id='word_1_39' title='bbox 901 984 1161 1036; x_wconf 87' lang='lat' dir='ltr'>vanum</span> <span class='ocrx_word' id='word_1_40' title='bbox 1206 963 1613 1034; x_wconf 88' lang='lat' dir='ltr'>meritorum</span> <span class='ocrx_word' id='word_1_41' title='bbox 1664 984 1950 1036; x_wconf 90' lang='lat' dir='ltr'>suorum</span> <span class='ocrx_word' id='word_1_42' title='bbox 2002 962 2409 1034; x_wconf 75' lang='lat' dir='ltr'>iactatorem</span> <span class='ocrx_word' id='word_1_43' title='bbox 2463 984 2621 1034; x_wconf 86' lang='lat' dir='ltr'>esse</span> 
     </span>
     <span class='ocr_line' id='line_1_8' title="bbox 235 1065 1046 1157; baseline -0.002 -20"><span class='ocrx_word' id='word_1_44' title='bbox 235 1066 502 1157; x_wconf 82' lang='lat' dir='ltr'>putavit</span> <span class='ocrx_word' id='word_1_45' title='bbox 541 1065 1046 1136; x_wconf 78' lang='lat' dir='ltr'>Prometheum.</span> 
     </span>
    </p>

    <p class='ocr_par' dir='ltr' id='par_1_4' title="bbox 225 1168 2739 3957">
     <span class='ocr_line' id='line_1_9' title="bbox 438 1168 2623 1262; baseline -0 -21"><span class='ocrx_word' id='word_1_46' title='bbox 438 1169 981 1244; x_wconf 84' lang='lat' dir='ltr'>Consideremus</span> <span class='ocrx_word' id='word_1_47' title='bbox 1016 1180 1083 1239; x_wconf 87' lang='lat' dir='ltr'>et</span> <span class='ocrx_word' id='word_1_48' title='bbox 1123 1169 1360 1240; x_wconf 88' lang='lat' dir='ltr'>Iovem</span> <span class='ocrx_word' id='word_1_49' title='bbox 1398 1179 1469 1239; x_wconf 92' lang='lat' dir='ltr'>et</span> <span class='ocrx_word' id='word_1_50' title='bbox 1506 1168 1995 1242; x_wconf 88' lang='lat' dir='ltr'>Prometheum</span> <span class='ocrx_word' id='word_1_51' title='bbox 2034 1190 2176 1240; x_wconf 89' lang='lat' dir='ltr'>non</span> <span class='ocrx_word' id='word_1_52' title='bbox 2211 1169 2454 1262; x_wconf 89' lang='lat' dir='ltr'>quales</span> <span class='ocrx_word' id='word_1_53' title='bbox 2493 1169 2623 1240; x_wconf 92' lang='lat' dir='ltr'>ho·-</span> 
     </span>
     <span class='ocr_line' id='line_1_10' title="bbox 233 1272 2624 1368; baseline 0.001 -25"><span class='ocrx_word' id='word_1_54' title='bbox 233 1273 519 1345; x_wconf 87' lang='lat' dir='ltr'>diernus</span> <span class='ocrx_word' id='word_1_55' title='bbox 573 1274 728 1366; x_wconf 87' lang='lat' dir='ltr'>quis</span> <span class='ocrx_word' id='word_1_56' title='bbox 779 1273 1144 1366; x_wconf 83' lang='lat' dir='ltr'>theologus</span> <span class='ocrx_word' id='word_1_57' title='bbox 1195 1283 1313 1346; x_wconf 87' lang='lat' dir='ltr'>aut</span> <span class='ocrx_word' id='word_1_58' title='bbox 1365 1273 1825 1367; x_wconf 87' lang='lat' dir='ltr'>philosophus</span> <span class='ocrx_word' id='word_1_59' title='bbox 1885 1272 2141 1366; x_wconf 82' lang='lat' dir='ltr'>fingat,</span> <span class='ocrx_word' id='word_1_60' title='bbox 2198 1272 2326 1343; x_wconf 89' lang='lat' dir='ltr'>sed</span> <span class='ocrx_word' id='word_1_61' title='bbox 2378 1274 2624 1368; x_wconf 88' lang='lat' dir='ltr'>quales</span> 
     </span>
     <span class='ocr_line' id='line_1_11' title="bbox 229 1374 2620 1472; baseline 0.001 -28"><span class='ocrx_word' id='word_1_62' title='bbox 229 1374 623 1469; x_wconf 77' lang='lat' dir='ltr'>Aeschylus</span> <span class='ocrx_word' id='word_1_63' title='bbox 660 1388 733 1446; x_wconf 93' lang='lat' dir='ltr'>et</span> <span class='ocrx_word' id='word_1_64' title='bbox 760 1377 849 1450; x_wconf 91' lang='lat' dir='ltr'>ab</span> <span class='ocrx_word' id='word_1_65' title='bbox 877 1377 1379 1470; x_wconf 82' lang='lat' dir='ltr'>antiquioribus</span> <span class='ocrx_word' id='word_1_66' title='bbox 1408 1377 1632 1470; x_wconf 89' lang='lat' dir='ltr'>poetis</span> <span class='ocrx_word' id='word_1_67' title='bbox 1661 1388 2055 1472; x_wconf 85' lang='lat' dir='ltr'>acceperat,</span> <span class='ocrx_word' id='word_1_68' title='bbox 2086 1387 2159 1448; x_wconf 92' lang='lat' dir='ltr'>et</span> <span class='ocrx_word' id='word_1_69' title='bbox 2185 1377 2620 1470; x_wconf 90' lang='lat' dir='ltr'>popularium</span> 
     </span>
     <span class='ocr_line' id='line_1_12' title="bbox 231 1480 2620 1574; baseline 0.001 -24"><span class='ocrx_word' id='word_1_70' title='bbox 231 1502 519 1552; x_wconf 87' lang='lat' dir='ltr'>suorum</span> <span class='ocrx_word' id='word_1_71' title='bbox 546 1480 877 1574; x_wconf 88' lang='lat' dir='ltr'>opinione</span> <span class='ocrx_word' id='word_1_72' title='bbox 906 1481 1069 1551; x_wconf 86' lang='lat' dir='ltr'>ferri</span> <span class='ocrx_word' id='word_1_73' title='bbox 1099 1481 1389 1556; x_wconf 87' lang='lat' dir='ltr'>sciebat.</span> <span class='ocrx_word' id='word_1_74' title='bbox 1446 1480 1749 1573; x_wconf 90' lang='lat' dir='ltr'>Iuppiter</span> <span class='ocrx_word' id='word_1_75' title='bbox 1787 1481 1853 1550; x_wconf 89' lang='lat' dir='ltr'>ei</span> <span class='ocrx_word' id='word_1_76' title='bbox 1891 1480 2004 1551; x_wconf 91' lang='lat' dir='ltr'>ille</span> <span class='ocrx_word' id='word_1_77' title='bbox 2033 1490 2141 1550; x_wconf 86' lang='lat' dir='ltr'>est</span> <span class='ocrx_word' id='word_1_78' title='bbox 2168 1501 2377 1572; x_wconf 89' lang='lat' dir='ltr'>quem</span> <span class='ocrx_word' id='word_1_79' title='bbox 2407 1481 2620 1552; x_wconf 90' lang='lat' dir='ltr'>modo</span> 
     </span>
     <span class='ocr_line' id='line_1_13' title="bbox 235 1583 2621 1678; baseline 0 -23"><span class='ocrx_word' id='word_1_80' title='bbox 235 1583 569 1668; x_wconf 72' lang='lat' dir='ltr'>diximus,</span> <span class='ocrx_word' id='word_1_81' title='bbox 605 1585 845 1656; x_wconf 89' lang='lat' dir='ltr'>similis</span> <span class='ocrx_word' id='word_1_82' title='bbox 877 1584 1163 1669; x_wconf 86' lang='lat' dir='ltr'>homini,</span> <span class='ocrx_word' id='word_1_83' title='bbox 1205 1595 1279 1658; x_wconf 82' lang='lat' dir='ltr'>ut</span> <span class='ocrx_word' id='word_1_84' title='bbox 1312 1605 1558 1655; x_wconf 90' lang='lat' dir='ltr'>omnes</span> <span class='ocrx_word' id='word_1_85' title='bbox 1595 1583 1716 1667; x_wconf 87' lang='lat' dir='ltr'>dii,</span> <span class='ocrx_word' id='word_1_86' title='bbox 1758 1584 1826 1652; x_wconf 90' lang='lat' dir='ltr'>in</span> <span class='ocrx_word' id='word_1_87' title='bbox 1864 1585 2115 1676; x_wconf 90' lang='lat' dir='ltr'>quibus</span> <span class='ocrx_word' id='word_1_88' title='bbox 2159 1593 2422 1656; x_wconf 83' lang='lat' dir='ltr'>tantum</span> <span class='ocrx_word' id='word_1_89' title='bbox 2462 1606 2621 1678; x_wconf 87' lang='lat' dir='ltr'>pars</span> 
     </span>
     <span class='ocr_line' id='line_1_14' title="bbox 235 1687 2622 1781; baseline 0 -22"><span class='ocrx_word' id='word_1_90' title='bbox 235 1687 586 1780; x_wconf 84' lang='lat' dir='ltr'>quaedam</span> <span class='ocrx_word' id='word_1_91' title='bbox 638 1687 916 1759; x_wconf 86' lang='lat' dir='ltr'>divinae</span> <span class='ocrx_word' id='word_1_92' title='bbox 970 1698 1262 1760; x_wconf 88' lang='lat' dir='ltr'>naturae</span> <span class='ocrx_word' id='word_1_93' title='bbox 1320 1687 1519 1762; x_wconf 88' lang='lat' dir='ltr'>inest.</span> <span class='ocrx_word' id='word_1_94' title='bbox 1613 1688 1825 1780; x_wconf 79' lang='lat' dir='ltr'>Igitur</span> <span class='ocrx_word' id='word_1_95' title='bbox 1860 1710 2074 1781; x_wconf 88' lang='lat' dir='ltr'>quum</span> <span class='ocrx_word' id='word_1_96' title='bbox 2113 1688 2391 1758; x_wconf 90' lang='lat' dir='ltr'>Titanes</span> <span class='ocrx_word' id='word_1_97' title='bbox 2444 1688 2622 1759; x_wconf 91' lang='lat' dir='ltr'>inter</span> 
     </span>
     <span class='ocr_line' id='line_1_15' title="bbox 230 1787 2620 1885; baseline 0 -24"><span class='ocrx_word' id='word_1_98' title='bbox 230 1812 301 1862; x_wconf 91' lang='lat' dir='ltr'>se</span> <span class='ocrx_word' id='word_1_99' title='bbox 339 1791 817 1863; x_wconf 87' lang='lat' dir='ltr'>deliberarent</span> <span class='ocrx_word' id='word_1_100' title='bbox 844 1802 1073 1864; x_wconf 86' lang='lat' dir='ltr'>utrum</span> <span class='ocrx_word' id='word_1_101' title='bbox 1105 1792 1475 1864; x_wconf 88' lang='lat' dir='ltr'>Saturnum</span> <span class='ocrx_word' id='word_1_102' title='bbox 1514 1812 1602 1861; x_wconf 89' lang='lat' dir='ltr'>an</span> <span class='ocrx_word' id='word_1_103' title='bbox 1631 1792 1869 1864; x_wconf 89' lang='lat' dir='ltr'>Iovem</span> <span class='ocrx_word' id='word_1_104' title='bbox 1907 1813 2200 1884; x_wconf 83' lang='lat' dir='ltr'>regnare</span> <span class='ocrx_word' id='word_1_105' title='bbox 2237 1787 2620 1885; x_wconf 76' lang='lat' dir='ltr'>oporteret,</span> 
     </span>
     <span class='ocr_line' id='line_1_16' title="bbox 233 1894 2621 1989; baseline 0.001 -26"><span class='ocrx_word' id='word_1_106' title='bbox 233 1895 685 1968; x_wconf 85' lang='lat' dir='ltr'>Prometheus</span> <span class='ocrx_word' id='word_1_107' title='bbox 738 1895 971 1965; x_wconf 84' lang='lat' dir='ltr'>effecit</span> <span class='ocrx_word' id='word_1_108' title='bbox 1028 1906 1103 1965; x_wconf 93' lang='lat' dir='ltr'>ut</span> <span class='ocrx_word' id='word_1_109' title='bbox 1156 1904 1473 1988; x_wconf 90' lang='lat' dir='ltr'>ereptum</span> <span class='ocrx_word' id='word_1_110' title='bbox 1530 1896 1827 1966; x_wconf 90' lang='lat' dir='ltr'>Saturno</span> <span class='ocrx_word' id='word_1_111' title='bbox 1886 1918 2175 1989; x_wconf 89' lang='lat' dir='ltr'>regnum</span> <span class='ocrx_word' id='word_1_112' title='bbox 2229 1894 2621 1967; x_wconf 82' lang='lat' dir='ltr'>traderetur</span> 
     </span>
     <span class='ocr_line' id='line_1_17' title="bbox 231 1998 2621 2092; baseline 0.002 -26"><span class='ocrx_word' id='word_1_113' title='bbox 231 1999 409 2069; x_wconf 88' lang='lat' dir='ltr'>lovi:</span> <span class='ocrx_word' id='word_1_114' title='bbox 466 2021 607 2091; x_wconf 90' lang='lat' dir='ltr'>quo</span> <span class='ocrx_word' id='word_1_115' title='bbox 647 1999 763 2069; x_wconf 89' lang='lat' dir='ltr'>ille</span> <span class='ocrx_word' id='word_1_116' title='bbox 801 1999 1093 2092; x_wconf 86' lang='lat' dir='ltr'>potitus,</span> <span class='ocrx_word' id='word_1_117' title='bbox 1135 1999 1490 2070; x_wconf 85' lang='lat' dir='ltr'>Titanibus</span> <span class='ocrx_word' id='word_1_118' title='bbox 1531 1998 1599 2066; x_wconf 90' lang='lat' dir='ltr'>in</span> <span class='ocrx_word' id='word_1_119' title='bbox 1637 2008 1969 2072; x_wconf 85' lang='lat' dir='ltr'>tartarum</span> <span class='ocrx_word' id='word_1_120' title='bbox 2006 1999 2343 2082; x_wconf 82' lang='lat' dir='ltr'>detrusiS,</span> <span class='ocrx_word' id='word_1_121' title='bbox 2385 2000 2621 2072; x_wconf 87' lang='lat' dir='ltr'>munia</span> 
     </span>
     <span class='ocr_line' id='line_1_18' title="bbox 228 2102 2618 2195; baseline 0.002 -24"><span class='ocrx_word' id='word_1_122' title='bbox 228 2103 515 2195; x_wconf 83' lang='lat' dir='ltr'>singulis</span> <span class='ocrx_word' id='word_1_123' title='bbox 555 2103 686 2173; x_wconf 90' lang='lat' dir='ltr'>diis</span> <span class='ocrx_word' id='word_1_124' title='bbox 724 2124 848 2174; x_wconf 89' lang='lat' dir='ltr'>sua</span> <span class='ocrx_word' id='word_1_125' title='bbox 887 2102 1288 2194; x_wconf 75' lang='lat' dir='ltr'>assignavit.</span> <span class='ocrx_word' id='word_1_126' title='bbox 1350 2102 1453 2186; x_wconf 86' lang='lat' dir='ltr'>Ei,</span> <span class='ocrx_word' id='word_1_127' title='bbox 1485 2125 1697 2194; x_wconf 89' lang='lat' dir='ltr'>quum</span> <span class='ocrx_word' id='word_1_128' title='bbox 1727 2102 1976 2174; x_wconf 90' lang='lat' dir='ltr'>deletis</span> <span class='ocrx_word' id='word_1_129' title='bbox 2005 2102 2397 2174; x_wconf 87' lang='lat' dir='ltr'>hominibus</span> <span class='ocrx_word' id='word_1_130' title='bbox 2428 2103 2618 2174; x_wconf 87' lang='lat' dir='ltr'>aliud</span> 
     </span>
     <span class='ocr_line' id='line_1_19' title="bbox 228 2205 2618 2299; baseline 0.002 -25"><span class='ocrx_word' id='word_1_131' title='bbox 228 2228 485 2277; x_wconf 87' lang='lat' dir='ltr'>novum</span> <span class='ocrx_word' id='word_1_132' title='bbox 522 2228 745 2299; x_wconf 80' lang='lat' dir='ltr'>genus</span> <span class='ocrx_word' id='word_1_133' title='bbox 782 2227 1026 2278; x_wconf 86' lang='lat' dir='ltr'>creare</span> <span class='ocrx_word' id='word_1_134' title='bbox 1067 2205 1310 2289; x_wconf 90' lang='lat' dir='ltr'>vellet,</span> <span class='ocrx_word' id='word_1_135' title='bbox 1354 2206 1803 2276; x_wconf 85' lang='lat' dir='ltr'>Prometheus</span> <span class='ocrx_word' id='word_1_136' title='bbox 1848 2207 2203 2277; x_wconf 88' lang='lat' dir='ltr'>miseritus</span> <span class='ocrx_word' id='word_1_137' title='bbox 2260 2205 2618 2278; x_wconf 86' lang='lat' dir='ltr'>hominum</span> 
     </span>
     <span class='ocr_line' id='line_1_20' title="bbox 227 2309 2617 2401; baseline 0.001 -22"><span class='ocrx_word' id='word_1_138' title='bbox 227 2310 528 2395; x_wconf 80' lang='lat' dir='ltr'>obstitit,</span> <span class='ocrx_word' id='word_1_139' title='bbox 592 2310 1154 2400; x_wconf 86' lang='lat' dir='ltr'>subductumque</span> <span class='ocrx_word' id='word_1_140' title='bbox 1217 2310 1394 2380; x_wconf 88' lang='lat' dir='ltr'>clam</span> <span class='ocrx_word' id='word_1_141' title='bbox 1461 2309 1694 2401; x_wconf 84' lang='lat' dir='ltr'>ignem</span> <span class='ocrx_word' id='word_1_142' title='bbox 1752 2331 1912 2379; x_wconf 87' lang='lat' dir='ltr'>cum</span> <span class='ocrx_word' id='word_1_143' title='bbox 1968 2309 2371 2380; x_wconf 85' lang='lat' dir='ltr'>mortalibus</span> <span class='ocrx_word' id='word_1_144' title='bbox 2424 2331 2617 2381; x_wconf 89' lang='lat' dir='ltr'>com-</span> 
     </span>
     <span class='ocr_line' id='line_1_21' title="bbox 225 2412 2615 2506; baseline -0.001 -20"><span class='ocrx_word' id='word_1_145' title='bbox 225 2414 644 2497; x_wconf 86' lang='lat' dir='ltr'>municavit,</span> <span class='ocrx_word' id='word_1_146' title='bbox 692 2435 831 2506; x_wconf 87' lang='lat' dir='ltr'>quo</span> <span class='ocrx_word' id='word_1_147' title='bbox 884 2412 1302 2505; x_wconf 86' lang='lat' dir='ltr'>compotitos</span> <span class='ocrx_word' id='word_1_148' title='bbox 1354 2422 1539 2483; x_wconf 89' lang='lat' dir='ltr'>artes</span> <span class='ocrx_word' id='word_1_149' title='bbox 1589 2412 1857 2497; x_wconf 87' lang='lat' dir='ltr'>docuit,</span> <span class='ocrx_word' id='word_1_150' title='bbox 1912 2414 2165 2505; x_wconf 91' lang='lat' dir='ltr'>quibus</span> <span class='ocrx_word' id='word_1_151' title='bbox 2216 2413 2307 2482; x_wconf 92' lang='lat' dir='ltr'>ab</span> <span class='ocrx_word' id='word_1_152' title='bbox 2361 2414 2615 2505; x_wconf 82' lang='lat' dir='ltr'>agresti</span> 
     </span>
     <span class='ocr_line' id='line_1_22' title="bbox 227 2516 2613 2590; baseline 0.001 -5"><span class='ocrx_word' id='word_1_153' title='bbox 227 2518 497 2588; x_wconf 85' lang='lat' dir='ltr'>feritate</span> <span class='ocrx_word' id='word_1_154' title='bbox 537 2517 630 2588; x_wconf 90' lang='lat' dir='ltr'>ad</span> <span class='ocrx_word' id='word_1_155' title='bbox 669 2516 1085 2588; x_wconf 85' lang='lat' dir='ltr'>commodae</span> <span class='ocrx_word' id='word_1_156' title='bbox 1121 2525 1191 2586; x_wconf 92' lang='lat' dir='ltr'>et</span> <span class='ocrx_word' id='word_1_157' title='bbox 1230 2516 1575 2590; x_wconf 88' lang='lat' dir='ltr'>iucundae</span> <span class='ocrx_word' id='word_1_158' title='bbox 1604 2517 1791 2587; x_wconf 90' lang='lat' dir='ltr'>vitae</span> <span class='ocrx_word' id='word_1_159' title='bbox 1821 2517 2085 2588; x_wconf 85' lang='lat' dir='ltr'>cultum</span> <span class='ocrx_word' id='word_1_160' title='bbox 2123 2516 2613 2588; x_wconf 87' lang='lat' dir='ltr'>eveherentur.</span> 
     </span>
     <span class='ocr_line' id='line_1_23' title="bbox 226 2620 2739 2719; baseline 0 -26"><span class='ocrx_word' id='word_1_161' title='bbox 226 2621 670 2715; x_wconf 85' lang='lat' dir='ltr'>Quapropter</span> <span class='ocrx_word' id='word_1_162' title='bbox 733 2621 945 2692; x_wconf 88' lang='lat' dir='ltr'>iratus</span> <span class='ocrx_word' id='word_1_163' title='bbox 1012 2620 1313 2714; x_wconf 89' lang='lat' dir='ltr'>Iuppiter</span> <span class='ocrx_word' id='word_1_164' title='bbox 1377 2642 1535 2693; x_wconf 92' lang='lat' dir='ltr'>eum</span> <span class='ocrx_word' id='word_1_165' title='bbox 1600 2620 1669 2689; x_wconf 89' lang='lat' dir='ltr'>iu</span> <span class='ocrx_word' id='word_1_166' title='bbox 1728 2620 2052 2715; x_wconf 81' lang='lat' dir='ltr'>Scythiae</span> <span class='ocrx_word' id='word_1_167' title='bbox 2117 2621 2398 2692; x_wconf 89' lang='lat' dir='ltr'>deserto</span> <span class='ocrx_word' id='word_1_168' title='bbox 2464 2620 2616 2719; x_wconf 92' lang='lat' dir='ltr'>rupi</span> <span class='ocrx_word' id='word_1_169' title='bbox 2637 2631 2739 2694; x_wconf 68' lang='lat' dir='ltr'>1).ss</span> 
     </span>
     <span class='ocr_line' id='line_1_24' title="bbox 229 2724 2619 2818; baseline 0 -24"><span class='ocrx_word' id='word_1_170' title='bbox 229 2724 418 2818; x_wconf 84' lang='lat' dir='ltr'>affigi</span> <span class='ocrx_word' id='word_1_171' title='bbox 473 2726 690 2797; x_wconf 90' lang='lat' dir='ltr'>iussit.</span> <span class='ocrx_word' id='word_1_172' title='bbox 766 2724 950 2809; x_wconf 89' lang='lat' dir='ltr'>Quid</span> <span class='ocrx_word' id='word_1_173' title='bbox 1000 2725 1069 2793; x_wconf 87' lang='lat' dir='ltr'>in</span> <span class='ocrx_word' id='word_1_174' title='bbox 1124 2724 1228 2794; x_wconf 90' lang='lat' dir='ltr'>his</span> <span class='ocrx_word' id='word_1_175' title='bbox 1279 2734 1421 2807; x_wconf 88' lang='lat' dir='ltr'>est,</span> <span class='ocrx_word' id='word_1_176' title='bbox 1475 2724 1664 2817; x_wconf 89' lang='lat' dir='ltr'>quod</span> <span class='ocrx_word' id='word_1_177' title='bbox 1720 2736 1840 2796; x_wconf 87' lang='lat' dir='ltr'>aut</span> <span class='ocrx_word' id='word_1_178' title='bbox 1894 2747 2162 2796; x_wconf 89' lang='lat' dir='ltr'>morum</span> <span class='ocrx_word' id='word_1_179' title='bbox 2203 2725 2619 2818; x_wconf 86' lang='lat' dir='ltr'>pravitatem</span> 
     </span>
     <span class='ocr_line' id='line_1_25' title="bbox 229 2828 2619 2922; baseline 0.001 -26"><span class='ocrx_word' id='word_1_180' title='bbox 229 2829 413 2900; x_wconf 89' lang='lat' dir='ltr'>lovis</span> <span class='ocrx_word' id='word_1_181' title='bbox 466 2838 741 2922; x_wconf 84' lang='lat' dir='ltr'>arguat,</span> <span class='ocrx_word' id='word_1_182' title='bbox 798 2839 915 2900; x_wconf 90' lang='lat' dir='ltr'>aut</span> <span class='ocrx_word' id='word_1_183' title='bbox 965 2828 1378 2921; x_wconf 85' lang='lat' dir='ltr'>probitatem</span> <span class='ocrx_word' id='word_1_184' title='bbox 1430 2838 1827 2921; x_wconf 88' lang='lat' dir='ltr'>suspectam</span> <span class='ocrx_word' id='word_1_185' title='bbox 1881 2829 2129 2899; x_wconf 86' lang='lat' dir='ltr'>reddat</span> <span class='ocrx_word' id='word_1_186' title='bbox 2179 2829 2619 2899; x_wconf 71' lang='lat' dir='ltr'>Promethei?</span> 
     </span>
     <span class='ocr_line' id='line_1_26' title="bbox 227 2928 2616 3025; baseline 0 -24"><span class='ocrx_word' id='word_1_187' title='bbox 227 2933 576 3025; x_wconf 82' lang='lat' dir='ltr'>Ingratus,</span> <span class='ocrx_word' id='word_1_188' title='bbox 632 2932 885 3024; x_wconf 84' lang='lat' dir='ltr'>inquit,</span> <span class='ocrx_word' id='word_1_189' title='bbox 936 2928 1238 3024; x_wconf 86' lang='lat' dir='ltr'>Iuppiter</span> <span class='ocrx_word' id='word_1_190' title='bbox 1287 2941 1395 3003; x_wconf 88' lang='lat' dir='ltr'>est</span> <span class='ocrx_word' id='word_1_191' title='bbox 1444 2953 1611 3023; x_wconf 86' lang='lat' dir='ltr'>erga</span> <span class='ocrx_word' id='word_1_192' title='bbox 1651 2932 2175 3018; x_wconf 84' lang='lat' dir='ltr'>Prometheum,</span> <span class='ocrx_word' id='word_1_193' title='bbox 2230 2954 2355 3025; x_wconf 92' lang='lat' dir='ltr'>per</span> <span class='ocrx_word' id='word_1_194' title='bbox 2408 2956 2616 3024; x_wconf 87' lang='lat' dir='ltr'>quem</span> 
     </span>
     <span class='ocr_line' id='line_1_27' title="bbox 228 3033 2612 3129; baseline 0 -24"><span class='ocrx_word' id='word_1_195' title='bbox 228 3048 333 3106; x_wconf 83' lang='lat' dir='ltr'>est</span> <span class='ocrx_word' id='word_1_196' title='bbox 380 3059 677 3129; x_wconf 86' lang='lat' dir='ltr'>regnum</span> <span class='ocrx_word' id='word_1_197' title='bbox 726 3035 1043 3129; x_wconf 73' lang='lat' dir='ltr'>adeptus</span> <span class='ocrx_word' id='word_1_198' title='bbox 1123 3033 1534 3121; x_wconf 84' lang='lat' dir='ltr'>Prometheo</span> <span class='ocrx_word' id='word_1_199' title='bbox 1593 3035 1687 3105; x_wconf 88' lang='lat' dir='ltr'>ita</span> <span class='ocrx_word' id='word_1_200' title='bbox 1741 3034 1966 3107; x_wconf 89' lang='lat' dir='ltr'>videri</span> <span class='ocrx_word' id='word_1_201' title='bbox 2004 3057 2141 3107; x_wconf 89' lang='lat' dir='ltr'>non</span> <span class='ocrx_word' id='word_1_202' title='bbox 2190 3047 2297 3106; x_wconf 89' lang='lat' dir='ltr'>est</span> <span class='ocrx_word' id='word_1_203' title='bbox 2343 3036 2612 3106; x_wconf 88' lang='lat' dir='ltr'>mirum.</span> 
     </span>
     <span class='ocr_line' id='line_1_28' title="bbox 227 3137 2616 3233; baseline 0 -24"><span class='ocrx_word' id='word_1_204' title='bbox 227 3140 407 3213; x_wconf 92' lang='lat' dir='ltr'>Num</span> <span class='ocrx_word' id='word_1_205' title='bbox 457 3162 664 3224; x_wconf 86' lang='lat' dir='ltr'>ver0‚</span> <span class='ocrx_word' id='word_1_206' title='bbox 717 3140 778 3210; x_wconf 89' lang='lat' dir='ltr'>si</span> <span class='ocrx_word' id='word_1_207' title='bbox 828 3148 1073 3230; x_wconf 86' lang='lat' dir='ltr'>regnat</span> <span class='ocrx_word' id='word_1_208' title='bbox 1130 3159 1258 3231; x_wconf 88' lang='lat' dir='ltr'>per</span> <span class='ocrx_word' id='word_1_209' title='bbox 1314 3137 1801 3212; x_wconf 78' lang='lat' dir='ltr'>Prometheum</span> <span class='ocrx_word' id='word_1_210' title='bbox 1852 3139 2190 3233; x_wconf 86' lang='lat' dir='ltr'>Iuppiter,</span> <span class='ocrx_word' id='word_1_211' title='bbox 2241 3149 2616 3232; x_wconf 83' lang='lat' dir='ltr'>propterea</span> 
     </span>
     <span class='ocr_line' id='line_1_29' title="bbox 228 3241 2615 3336; baseline 0 -24"><span class='ocrx_word' id='word_1_212' title='bbox 228 3244 406 3314; x_wconf 88' lang='lat' dir='ltr'>ferat</span> <span class='ocrx_word' id='word_1_213' title='bbox 444 3244 940 3315; x_wconf 87' lang='lat' dir='ltr'>adversantem</span> <span class='ocrx_word' id='word_1_214' title='bbox 976 3241 1318 3336; x_wconf 75' lang='lat' dir='ltr'>regnanti,</span> <span class='ocrx_word' id='word_1_215' title='bbox 1375 3262 1508 3313; x_wconf 78' lang='lat' dir='ltr'>nec</span> <span class='ocrx_word' id='word_1_216' title='bbox 1557 3242 1797 3334; x_wconf 89' lang='lat' dir='ltr'>puniat</span> <span class='ocrx_word' id='word_1_217' title='bbox 1850 3254 2129 3336; x_wconf 88' lang='lat' dir='ltr'>propter</span> <span class='ocrx_word' id='word_1_218' title='bbox 2169 3243 2398 3335; x_wconf 88' lang='lat' dir='ltr'>ignem</span> <span class='ocrx_word' id='word_1_219' title='bbox 2436 3243 2615 3312; x_wconf 87' lang='lat' dir='ltr'>clam</span> 
     </span>
     <span class='ocr_line' id='line_1_30' title="bbox 230 3345 2616 3441; baseline 0.001 -25"><span class='ocrx_word' id='word_1_220' title='bbox 230 3357 623 3441; x_wconf 89' lang='lat' dir='ltr'>surreptum</span> <span class='ocrx_word' id='word_1_221' title='bbox 663 3348 1040 3437; x_wconf 89' lang='lat' dir='ltr'>datumque</span> <span class='ocrx_word' id='word_1_222' title='bbox 1088 3345 1524 3419; x_wconf 73' lang='lat' dir='ltr'>hominibus?</span> <span class='ocrx_word' id='word_1_223' title='bbox 1595 3346 2001 3419; x_wconf 87' lang='lat' dir='ltr'>Dominator</span> <span class='ocrx_word' id='word_1_224' title='bbox 2036 3346 2276 3419; x_wconf 88' lang='lat' dir='ltr'>mundi</span> <span class='ocrx_word' id='word_1_225' title='bbox 2314 3356 2422 3419; x_wconf 90' lang='lat' dir='ltr'>est</span> <span class='ocrx_word' id='word_1_226' title='bbox 2458 3347 2616 3440; x_wconf 88' lang='lat' dir='ltr'>Iup-</span> 
     </span>
     <span class='ocr_line' id='line_1_31' title="bbox 234 3447 2615 3545; baseline 0 -27"><span class='ocrx_word' id='word_1_227' title='bbox 234 3451 445 3542; x_wconf 84' lang='lat' dir='ltr'>piter,</span> <span class='ocrx_word' id='word_1_228' title='bbox 496 3472 620 3544; x_wconf 92' lang='lat' dir='ltr'>pro</span> <span class='ocrx_word' id='word_1_229' title='bbox 658 3449 942 3523; x_wconf 84' lang='lat' dir='ltr'>arbitrio</span> <span class='ocrx_word' id='word_1_230' title='bbox 981 3471 1109 3521; x_wconf 89' lang='lat' dir='ltr'>suo</span> <span class='ocrx_word' id='word_1_231' title='bbox 1147 3460 1398 3521; x_wconf 78' lang='lat' dir='ltr'>cuncta</span> <span class='ocrx_word' id='word_1_232' title='bbox 1436 3471 1721 3541; x_wconf 82' lang='lat' dir='ltr'>regenS,</span> <span class='ocrx_word' id='word_1_233' title='bbox 1759 3450 1918 3545; x_wconf 73' lang='grc' dir='ltr'>παρ’</span> <span class='ocrx_word' id='word_1_234' title='bbox 1962 3451 2186 3541; x_wconf 71' lang='grc' dir='ltr'><em>ἑαυτῷ</em></span> <span class='ocrx_word' id='word_1_235' title='bbox 2223 3449 2307 3520; x_wconf 88' lang='grc' dir='ltr'>τὸ</span> <span class='ocrx_word' id='word_1_236' title='bbox 2343 3447 2615 3521; x_wconf 78' lang='grc' dir='ltr'><em>δίκαιον</em></span> 
     </span>
     <span class='ocr_line' id='line_1_32' title="bbox 232 3551 2614 3648; baseline -0 -26"><span class='ocrx_word' id='word_1_237' title='bbox 232 3553 433 3643; x_wconf 77' lang='grc' dir='ltr'><em>ἔχων,</em></span> <span class='ocrx_word' id='word_1_238' title='bbox 480 3576 687 3648; x_wconf 86' lang='lat' dir='ltr'>asper</span> <span class='ocrx_word' id='word_1_239' title='bbox 735 3553 1046 3625; x_wconf 87' lang='lat' dir='ltr'>novitate</span> <span class='ocrx_word' id='word_1_240' title='bbox 1098 3554 1396 3646; x_wconf 83' lang='lat' dir='ltr'>imperii,</span> <span class='ocrx_word' id='word_1_241' title='bbox 1452 3552 1637 3630; x_wconf 82' lang='grc' dir='ltr'><em>ἅπας</em></span> <span class='ocrx_word' id='word_1_242' title='bbox 1686 3551 1760 3622; x_wconf 77' lang='grc' dir='ltr'>δὲ</span> <span class='ocrx_word' id='word_1_243' title='bbox 1809 3552 2070 3648; x_wconf 77' lang='grc' dir='ltr'><strong><em>τραχὺς</em></strong></span> <span class='ocrx_word' id='word_1_244' title='bbox 2107 3552 2293 3631; x_wconf 82' lang='grc' dir='ltr'><strong><em>ὅςτις</em></strong></span> <span class='ocrx_word' id='word_1_245' title='bbox 2329 3552 2417 3625; x_wconf 81' lang='grc' dir='ltr'>ἄν</span> <span class='ocrx_word' id='word_1_246' title='bbox 2454 3554 2614 3623; x_wconf 78' lang='grc' dir='ltr'><em>νέον</em></span> 
     </span>
     <span class='ocr_line' id='line_1_33' title="bbox 228 3652 2614 3753; baseline -0.001 -28"><span class='ocrx_word' id='word_1_247' title='bbox 228 3658 481 3751; x_wconf 74' lang='grc' dir='ltr'><em>κρατῇ,</em></span> <span class='ocrx_word' id='word_1_248' title='bbox 516 3679 741 3751; x_wconf 82' lang='lat' dir='ltr'>eoque</span> <span class='ocrx_word' id='word_1_249' title='bbox 771 3658 1245 3740; x_wconf 78' lang='lat' dir='ltr'>inexorabilis,</span> <span class='ocrx_word' id='word_1_250' title='bbox 1274 3655 1567 3753; x_wconf 79' lang='grc' dir='ltr'><em>ἀκίχητα</em></span> <span class='ocrx_word' id='word_1_251' title='bbox 1602 3654 1735 3749; x_wconf 80' lang='grc' dir='ltr'>γὰρ</span> <span class='ocrx_word' id='word_1_252' title='bbox 1773 3656 1957 3752; x_wconf 71' lang='grc' dir='ltr'>ἤθεα</span> <span class='ocrx_word' id='word_1_253' title='bbox 1992 3655 2107 3729; x_wconf 82' lang='grc' dir='ltr'>καὶ</span> <span class='ocrx_word' id='word_1_254' title='bbox 2135 3658 2305 3749; x_wconf 67' lang='grc' dir='ltr'>κέαρ</span> <span class='ocrx_word' id='word_1_255' title='bbox 2336 3652 2614 3750; x_wconf 80' lang='grc' dir='ltr'><em>ἀπαρά-</em></span> 
     </span>
     <span class='ocr_line' id='line_1_34' title="bbox 229 3759 2616 3851; baseline -0 -21"><span class='ocrx_word' id='word_1_256' title='bbox 229 3769 475 3848; x_wconf 78' lang='grc' dir='ltr'><em>μυθον</em></span> <span class='ocrx_word' id='word_1_257' title='bbox 509 3761 677 3851; x_wconf 67' lang='grc' dir='ltr'>ἔχεις</span> <span class='ocrx_word' id='word_1_258' title='bbox 718 3771 1039 3843; x_wconf 36' lang='lat' dir='ltr'>ceterum„</span> <span class='ocrx_word' id='word_1_259' title='bbox 1068 3782 1198 3831; x_wconf 88' lang='lat' dir='ltr'>nec</span> <span class='ocrx_word' id='word_1_260' title='bbox 1237 3762 1420 3833; x_wconf 85' lang='lat' dir='ltr'>facto</span> <span class='ocrx_word' id='word_1_261' title='bbox 1459 3759 1680 3831; x_wconf 86' lang='lat' dir='ltr'>maior</span> <span class='ocrx_word' id='word_1_262' title='bbox 1719 3781 1849 3833; x_wconf 88' lang='lat' dir='ltr'>nec</span> <span class='ocrx_word' id='word_1_263' title='bbox 1890 3761 2275 3831; x_wconf 82' lang='lat' dir='ltr'>futurorum</span> <span class='ocrx_word' id='word_1_264' title='bbox 2305 3759 2616 3829; x_wconf 90' lang='lat' dir='ltr'>omnium</span> 
     </span>
     <span class='ocr_line' id='line_1_35' title="bbox 227 3862 2131 3957; baseline -0.002 -23"><span class='ocrx_word' id='word_1_265' title='bbox 227 3885 509 3954; x_wconf 81' lang='lat' dir='ltr'>gnarus,</span> <span class='ocrx_word' id='word_1_266' title='bbox 585 3864 849 3939; x_wconf 88' lang='lat' dir='ltr'>Similia</span> <span class='ocrx_word' id='word_1_267' title='bbox 882 3864 1173 3957; x_wconf 85' lang='lat' dir='ltr'>legimus</span> <span class='ocrx_word' id='word_1_268' title='bbox 1212 3865 1281 3933; x_wconf 91' lang='lat' dir='ltr'>in</span> <span class='ocrx_word' id='word_1_269' title='bbox 1317 3862 1821 3937; x_wconf 87' lang='lat' dir='ltr'>Eumenidibus</span> <span class='ocrx_word' id='word_1_270' title='bbox 1857 3885 1920 3932; x_wconf 88' lang='lat' dir='ltr'>v.</span> <span class='ocrx_word' id='word_1_271' title='bbox 1958 3864 2131 3934; x_wconf 74' lang='lat'><strong>620.</strong></span> 
     </span>
    </p>

    <p class='ocr_par' dir='ltr' id='par_1_5' title="bbox 1055 3963 2108 4041">
     <span class='ocr_line' id='line_1_36' title="bbox 1055 3963 2108 4041; baseline -0.007 -2"><span class='ocrx_word' id='word_1_272' title='bbox 1055 3967 1147 4039; x_wconf 82' lang='grc' dir='ltr'>τὰ</span> <span class='ocrx_word' id='word_1_273' title='bbox 1184 3968 1244 4039; x_wconf 84' lang='lat'>‹)’</span> <span class='ocrx_word' id='word_1_274' title='bbox 1288 3967 1429 4037; x_wconf 81' lang='grc' dir='ltr'><strong><em>ἄλλ’</em></strong></span> <span class='ocrx_word' id='word_1_275' title='bbox 1473 3966 1616 4035; x_wconf 80' lang='grc' dir='ltr'>ἄνω</span> <span class='ocrx_word' id='word_1_276' title='bbox 1654 3994 1730 4036; x_wconf 78' lang='grc' dir='ltr'>τε</span> <span class='ocrx_word' id='word_1_277' title='bbox 1766 3965 1882 4037; x_wconf 79' lang='grc' dir='ltr'>καὶ</span> <span class='ocrx_word' id='word_1_278' title='bbox 1917 3963 2108 4041; x_wconf 69' lang='grc' dir='ltr'><strong><em>κάτω,</em></strong></span> 
     </span>
    </p>

    <p class='ocr_par' dir='ltr' id='par_1_6' title="bbox 229 4068 2616 4680">
     <span class='ocr_line' id='line_1_37' title="bbox 645 4068 2143 4166; baseline -0.002 -25"><span class='ocrx_word' id='word_1_279' title='bbox 645 4072 967 4165; x_wconf 69' lang='grc' dir='ltr'><em>στρέφων</em></span> <span class='ocrx_word' id='word_1_280' title='bbox 1002 4069 1172 4166; x_wconf 75' lang='grc' dir='ltr'><strong><em>τίθη</em></strong></span> <span class='ocrx_word' id='word_1_281' title='bbox 1182 4096 1294 4140; x_wconf 66' lang='grc' dir='ltr'>σιν</span> <span class='ocrx_word' id='word_1_282' title='bbox 1331 4071 1563 4157; x_wconf 74' lang='grc' dir='ltr'><em>οὐδέν,</em></span> <span class='ocrx_word' id='word_1_283' title='bbox 1605 4069 1886 4160; x_wconf 67' lang='grc' dir='ltr'><em>ἀσμένῳ</em></span> <span class='ocrx_word' id='word_1_284' title='bbox 1922 4068 2143 4159; x_wconf 70' lang='grc' dir='ltr'>μένει.</span> 
     </span>
     <span class='ocr_line' id='line_1_38' title="bbox 229 4170 2611 4268; baseline 0.001 -27"><span class='ocrx_word' id='word_1_285' title='bbox 229 4172 589 4247; x_wconf 89' lang='lat' dir='ltr'>Eiusmodi</span> <span class='ocrx_word' id='word_1_286' title='bbox 625 4175 976 4268; x_wconf 81' lang='lat' dir='ltr'>ingenium</span> <span class='ocrx_word' id='word_1_287' title='bbox 1006 4174 1258 4245; x_wconf 89' lang='lat' dir='ltr'>durum</span> <span class='ocrx_word' id='word_1_288' title='bbox 1286 4172 1571 4266; x_wconf 78' lang='lat' dir='ltr'>quidem</span> <span class='ocrx_word' id='word_1_289' title='bbox 1598 4182 1707 4247; x_wconf 88' lang='lat' dir='ltr'>est</span> <span class='ocrx_word' id='word_1_290' title='bbox 1731 4182 1804 4242; x_wconf 93' lang='lat' dir='ltr'>et</span> <span class='ocrx_word' id='word_1_291' title='bbox 1830 4171 2235 4256; x_wconf 86' lang='lat' dir='ltr'>violentum,</span> <span class='ocrx_word' id='word_1_292' title='bbox 2275 4170 2403 4243; x_wconf 90' lang='lat' dir='ltr'>sed</span> <span class='ocrx_word' id='word_1_293' title='bbox 2440 4171 2611 4243; x_wconf 89' lang='lat' dir='ltr'>nihil</span> 
     </span>
     <span class='ocr_line' id='line_1_39' title="bbox 229 4273 2609 4371; baseline 0 -26"><span class='ocrx_word' id='word_1_294' title='bbox 229 4276 453 4348; x_wconf 89' lang='lat' dir='ltr'>habet</span> <span class='ocrx_word' id='word_1_295' title='bbox 498 4279 849 4371; x_wconf 85' lang='lat' dir='ltr'>ignaviae,</span> <span class='ocrx_word' id='word_1_296' title='bbox 887 4278 1056 4349; x_wconf 87' lang='lat' dir='ltr'>nihil</span> <span class='ocrx_word' id='word_1_297' title='bbox 1101 4276 1288 4369; x_wconf 90' lang='lat' dir='ltr'>quod</span> <span class='ocrx_word' id='word_1_298' title='bbox 1339 4276 1697 4369; x_wconf 87' lang='lat' dir='ltr'>indignum</span> <span class='ocrx_word' id='word_1_299' title='bbox 1736 4285 1855 4347; x_wconf 89' lang='lat' dir='ltr'>aut</span> <span class='ocrx_word' id='word_1_300' title='bbox 1893 4273 2297 4346; x_wconf 89' lang='lat' dir='ltr'>indecorum</span> <span class='ocrx_word' id='word_1_301' title='bbox 2336 4274 2424 4346; x_wconf 91' lang='lat' dir='ltr'>sit</span> <span class='ocrx_word' id='word_1_302' title='bbox 2462 4275 2609 4369; x_wconf 85' lang='lat' dir='ltr'>regi</span> 
     </span>
     <span class='ocr_line' id='line_1_40' title="bbox 232 4379 2616 4463; baseline -0 -13"><span class='ocrx_word' id='word_1_303' title='bbox 232 4379 548 4452; x_wconf 89' lang='lat' dir='ltr'>deorum.</span> <span class='ocrx_word' id='word_1_304' title='bbox 660 4382 962 4454; x_wconf 90' lang='lat' dir='ltr'>Severus</span> <span class='ocrx_word' id='word_1_305' title='bbox 1026 4394 1164 4453; x_wconf 86' lang='lat' dir='ltr'>est:</span> <span class='ocrx_word' id='word_1_306' title='bbox 1242 4381 1579 4451; x_wconf 86' lang='lat' dir='ltr'>severitas</span> <span class='ocrx_word' id='word_1_307' title='bbox 1647 4389 1882 4455; x_wconf 90' lang='lat' dir='ltr'>autem</span> <span class='ocrx_word' id='word_1_308' title='bbox 1935 4379 2065 4449; x_wconf 88' lang='lat' dir='ltr'>etsi</span> <span class='ocrx_word' id='word_1_309' title='bbox 2119 4400 2260 4451; x_wconf 88' lang='lat' dir='ltr'>non</span> <span class='ocrx_word' id='word_1_310' title='bbox 2316 4388 2616 4463; x_wconf 84' lang='lat' dir='ltr'>amatur,</span> 
     </span>
     <span class='ocr_line' id='line_1_41' title="bbox 235 4482 2609 4578; baseline -0.001 -26"><span class='ocrx_word' id='word_1_311' title='bbox 235 4492 475 4553; x_wconf 88' lang='lat' dir='ltr'>tamen</span> <span class='ocrx_word' id='word_1_312' title='bbox 525 4507 647 4578; x_wconf 93' lang='lat' dir='ltr'>per</span> <span class='ocrx_word' id='word_1_313' title='bbox 699 4505 775 4555; x_wconf 90' lang='lat' dir='ltr'>se</span> <span class='ocrx_word' id='word_1_314' title='bbox 825 4507 915 4555; x_wconf 91' lang='lat' dir='ltr'>ne</span> <span class='ocrx_word' id='word_1_315' title='bbox 966 4485 1104 4556; x_wconf 86' lang='lat' dir='ltr'>odii</span> <span class='ocrx_word' id='word_1_316' title='bbox 1154 4484 1434 4576; x_wconf 87' lang='lat' dir='ltr'>quidem</span> <span class='ocrx_word' id='word_1_317' title='bbox 1484 4505 1770 4563; x_wconf 87' lang='lat' dir='ltr'>caussas</span> <span class='ocrx_word' id='word_1_318' title='bbox 1807 4482 2040 4553; x_wconf 90' lang='lat' dir='ltr'>habet.</span> <span class='ocrx_word' id='word_1_319' title='bbox 2119 4483 2242 4573; x_wconf 81' lang='lat' dir='ltr'>Cui</span> <span class='ocrx_word' id='word_1_320' title='bbox 2279 4482 2609 4553; x_wconf 89' lang='lat' dir='ltr'>traditum</span> 
     </span>
     <span class='ocr_line' id='line_1_42' title="bbox 233 4583 2608 4680; baseline -0.001 -24"><span class='ocrx_word' id='word_1_321' title='bbox 233 4598 341 4657; x_wconf 91' lang='lat' dir='ltr'>est</span> <span class='ocrx_word' id='word_1_322' title='bbox 414 4609 638 4660; x_wconf 91' lang='lat' dir='ltr'>rerum</span> <span class='ocrx_word' id='word_1_323' title='bbox 710 4590 1015 4660; x_wconf 89' lang='lat' dir='ltr'>omnium</span> <span class='ocrx_word' id='word_1_324' title='bbox 1086 4588 1479 4672; x_wconf 82' lang='lat' dir='ltr'>arbitrium,</span> <span class='ocrx_word' id='word_1_325' title='bbox 1558 4588 1707 4658; x_wconf 89' lang='lat' dir='ltr'>iure</span> <span class='ocrx_word' id='word_1_326' title='bbox 1770 4608 1897 4658; x_wconf 91' lang='lat' dir='ltr'>suo</span> <span class='ocrx_word' id='word_1_327' title='bbox 1971 4587 2276 4680; x_wconf 89' lang='lat' dir='ltr'>postulat</span> <span class='ocrx_word' id='word_1_328' title='bbox 2344 4595 2417 4656; x_wconf 90' lang='lat' dir='ltr'>ut</span> <span class='ocrx_word' id='word_1_329' title='bbox 2475 4583 2608 4653; x_wconf 92' lang='lat' dir='ltr'>sibi</span> 
     </span>
    </p>

    <p class='ocr_par' dir='ltr' id='par_1_7' title="bbox 2103 4705 2193 4766">
     <span class='ocr_line' id='line_1_43' title="bbox 2103 4705 2193 4766; baseline 0.022 -2"><span class='ocrx_word' id='word_1_330' title='bbox 2103 4705 2193 4766; x_wconf 68' lang='grc' dir='ltr'>ΚΞ</span> 
     </span>
    </p>
   </div>
   <div class='ocr_carea' id='block_1_4' title="bbox 3278 3994 3281 4668">
    <p class='ocr_par' dir='ltr' id='par_1_8' title="bbox 3278 3994 3281 4668">
     <span class='ocr_line' id='line_1_44' title="bbox 3278 3994 3281 4668; baseline 0 0"><span class='ocrx_word' id='word_1_331' title='bbox 3278 3994 3281 4668; x_wconf 95' lang='lat' dir='ltr'> </span> 
     </span>
    </p>
   </div>
  </div>
 </body>
</html>
