3328 5326
1265 376 1676 439 HESIODUS.
2575 375 2656 439 67

279 566 510 634 fectus
548 586 728 636 esse.
812 564 934 634 CL.
980 565 1410 637 984-994,
1452 589 1659 660 quam
1699 567 2055 662 stropham
2091 568 2180 639 ad
2219 576 2385 639 octo
2420 589 2657 640 versus

274 668 370 737 ab
415 668 916 763 interpolatore
976 680 1251 741 auctam
1298 672 1398 741 sic
1450 671 1541 743 ad
1595 672 1851 743 iustum
1902 692 2267 743 numerum
2316 670 2539 764 redigi
2585 671 2657 742 in

275 793 581 842 censura
612 772 995 843 Soetbeerii
1032 772 1201 859 dixi,
1242 775 1296 845 si
1334 785 1498 868 post
1531 775 1791 868 primos
1829 775 1970 847 duo
2005 796 2244 845 versus
2280 774 2654 846 scribatur:

487 875 716 970 αὐτὰρ
754 876 852 967 τῷ
890 875 1198 969 Κεφάλῳ
1237 876 1590 970 φιτύσατο
1629 878 1973 970 φαίδιμον
2007 876 2195 966 υἱόν,

489 981 803 1071 ἴφθιμον
846 983 1257 1069 Φαέθοντα,
1300 980 1428 1050 τὸν
1464 979 1801 1076 ἁρπάξασ’
1837 980 2224 1077 Ἀφροδίτη

483 1078 838 1176 νηοπόλον
872 1080 1131 1173 μύχιον
1167 1081 1544 1178 ποιήσατο,
1589 1083 1895 1174 δαίμονα
1931 1086 2109 1153 δῖον.

276 1183 443 1254 CLI.
519 1186 949 1255 992-996.
1047 1185 1229 1256 CLII.
1300 1187 1468 1257 997.
1539 1190 1712 1258 998.
1787 1188 2344 1260 4000-4002,
2441 1186 2651 1257 CLIII.

280 1291 308 1356 4
333 1290 625 1358 003--4
649 1289 816 1360 007.
928 1288 1138 1359 CLIV.
1215 1293 1406 1360 4008
1432 1331 1522 1342 -
1551 1294 1577 1360 4
1600 1294 1681 1361 04
1704 1294 1771 1361 0.
1845 1293 1871 1359 4
1894 1293 1974 1360 04
1998 1292 2065 1360 6.
2139 1289 2357 1361 4047.
2466 1289 2650 1360 CLV.

280 1394 818 1463 4044-4045,
908 1393 1080 1464 Huic
1127 1395 1455 1487 strophae
1502 1395 1571 1467 in
1622 1395 1888 1487 aliquot
1945 1393 2306 1464 codicibus
2357 1394 2656 1466 insertus

273 1505 386 1564 est
416 1516 671 1567 versus
707 1517 848 1565 non
887 1497 1210 1589 optimuS‚

498 1597 895 1695 Τηλέγονόν
930 1627 1006 1669 τε
1042 1600 1263 1671 ἔτικτε
1298 1601 1413 1671 διὰ
1447 1602 1748 1696 χρυσέην
1779 1598 2238 1697 Ἀφροδίτην.

274 1701 340 1770 Is
388 1704 616 1772 factus
655 1701 961 1786 videtur,
1010 1703 1198 1795 quod
1249 1705 1383 1774 alia
1429 1705 1748 1775 recensio
1798 1703 2336 1796 praecedentem
2385 1723 2659 1775 versum

273 1805 377 1874 sic
413 1806 749 1898 scriptum
787 1805 1109 1876 haberet:

470 1909 771 2003 ’Ἀγριον
805 1908 926 2005 ἡδὲ
956 1911 1287 1981 Λατῖνον
1321 1908 1658 2001 ἀμύμονα
1706 1905 2092 2007 Τηλέγονᾶν
2127 1937 2228 1980 τε.

273 2011 596 2104 Denique
626 2012 953 2103 strophae
983 2012 1193 2081 CLVI.
1221 2015 1350 2084 404
1374 2017 1557 2083 8-4
1579 2014 1712 2085 024
1738 2064 1752 2079 .
1780 2034 1960 2105 quae
1988 2012 2223 2082 ultima
2251 2021 2381 2098 est,
2410 2033 2657 2083 versus

273 2115 547 2187 videtur
600 2114 887 2201 deesse,
926 2137 1067 2208 quo
1121 2115 1430 2187 similiter
1466 2127 1544 2189 ut
1578 2140 1643 2185 v.
1679 2117 1853 2187 967.
1892 2116 2225 2207 scriptum
2276 2126 2416 2200 est,
2464 2114 2656 2185 finita

280 2220 516 2291 fuerit:

485 2322 699 2393 ὅσσαι
734 2320 815 2418 δὴ
852 2322 1123 2417 θνηταὶ
1156 2324 1334 2395 θεοῦ
1371 2322 1663 2416 ἄρσενος
1697 2322 2000 2414 ἑζιιπεσον
2036 2322 2229 2414 εὐνῇ.

278 2425 720 2517 Sequebatur
753 2446 922 2518 ergo
958 2427 1392 2499 enumeratio
1440 2426 1829 2498 mortalium
1878 2425 2310 2509 feminarum,
2349 2445 2529 2516 quae
2565 2445 2659 2499 ex

276 2528 411 2599 diis
448 2529 721 2622 prolem
748 2529 1152 2601 edidissent.
1213 2529 1420 2613 Quod
1456 2530 1511 2599 si
1550 2551 1734 2622 quae
1770 2551 1811 2599 a
1848 2551 1913 2599 v.
1949 2531 2121 2602 963.
2154 2528 2411 2621 scripta
2438 2527 2658 2601 habe·

274 2655 469 2718 muS‚
511 2632 602 2703 ab
640 2633 776 2706 alio
818 2644 1034 2727 ,poeta
1081 2632 1318 2706 addita
1366 2642 1527 2708 sunt
1577 2632 2051 2726 Theogoniae,
2106 2651 2285 2725 quae
2336 2641 2445 2704 est
2479 2632 2651 2706 Guil.

274 2736 858 2810 Marckscheffeiii
918 2760 1060 2809 non
1132 2737 1605 2831 improbabilis
1682 2737 2122 2821 coniectura,
2198 2735 2475 2807 videtur
2543 2735 2657 2810 hic

275 2862 563 2933 quoque
598 2849 817 2934 poeta
853 2851 925 2914 et
959 2842 1307 2933 cognitam
1345 2839 1676 2912 habuisse
1715 2851 1785 2911 et
1822 2851 2103 2914 secutus
2150 2860 2310 2914 esse
2354 2839 2659 2933 strophi-

274 2965 433 3016 cam
468 2945 801 3018 ¹carminis
829 2945 1424 3038 compositionem.

2162 4667 2374 4741 ΕΞ·

2672 894 2807 955 p.23
