3328 5326
617 360 738 420 224
1586 356 2020 419 EURIPIDES.

926 548 1022 618 ὅτ’
1064 548 1178 620 ἐπὶ
1214 549 1619 645 κρηναίαισι
1655 546 1938 644 δρόσοις

912 651 1109 746 ΊΙρᾳ
1144 650 1464 723 Παλλάδι
1497 653 1551 723 τ’
1594 652 1771 747 ἔριν,
1819 652 1967 747 ἔριν

1078 756 1365 849 μορφᾶς
1402 755 1448 825 ἁ
1483 751 1770 847 Κύπρις
1806 755 2025 844 ἔσχεν·

926 856 1053 927 τὸν
1097 859 1355 935 Οἰλέως
1402 856 1822 948 Τελαμῶνός
1857 885 1930 928 τε
1965 858 2179 948 γόνον
2690 860 2841 929 ἀντ.
2863 853 2932 950 β’

926 958 1427 1055 Πρωτεσίλαον
1463 963 1518 1031 τ’
1558 961 1674 1031 ἐπὶ
1708 959 1966 1039 θάκοις

926 1064 1201 1135 πεσσῶν
1234 1070 1552 1158 μορφαῖς
1586 1065 1974 1189 ἡδομένους

924 1164 1384 1289 πολυπλόκοις
1421 1163 1858 1264 Παλαμήδεά
1895 1194 1998 1257 τε,

924 1296 1052 1340 τον
1088 1269 1227 1340 ἀπὸ
1266 1296 1578 1367 ’νησαίων
1615 1300 1659 1343 'l'
1712 1272 1931 1367 ὀρέων

924 1374 1222 1468 Λαέρτα
1258 1373 1501 1463 τόκον,
1544 1375 1697 1466 ἅμα
1733 1374 1805 1445 δὲ
1840 1379 1975 1443 Λι-

1080 1478 1232 1571 ρέα,
1275 1471 1640 1548 κάλλιστον
1671 1476 2008 1567 Ἀχαιῶν·

923 1579 1051 1651 τὸν
1088 1578 1428 1671 ἰσάνεμόν
1463 1607 1539 1651 τε
1574 1584 1825 1652 ποδοῖν
2690 1608 2847 1678 στρ.
2876 1578 2942 1673 γ’

921 1681 1509 1779 λαιψηροδρόμαν
1537 1685 1813 1780 ἶκίχιλῆ,

924 1786 1054 1857 τὸν
1091 1787 1139 1855 ἁ
1183 1789 1390 1864 Θέτις
1423 1788 1573 1857 τέκε
1609 1788 1727 1857 καὶ
1763 1786 2050 1883 Χείρων

923 1889 1360 1979 ἑξεπόνασεν,
1404 1890 1487 1960 ὃν
1524 1886 1712 1960 εἶδον
1748 1892 1842 1961 ἐπ’
1886 1893 2112 1979 αἰγια-

921 1997 1068 2070 λοῖς
1103 1991 1295 2089 παρά
1332 2021 1403 2065 τε
1444 1988 1892 2088 κροκάλαισιν
1929 1993 2223 2084 ἅμιλλαν
2259 1994 2321 2064 ἔ-

924 2122 1142 2184 χοντα
1181 2095 1453 2192 δρόμου
1493 2096 1621 2167 σὺν
1659 2097 1936 2168 ὅπλοισι
1974 2099 2223 2168 ποδοῖν
2259 2097 2416 2193 περὶ
2456 2098 2650 2175 νίκας

1076 2199 1252 2294 πρὸς
1290 2202 1642 2295 τέτρωρον
1680 2198 1902 2293 ἅρμα.

923 2306 962 2373 ὁ
1001 2300 1432 2398 διφρηλάτας
1467 2303 1525 2374 δ’
1567 2303 1793 2394 ἐβοᾶτ’
2684 2304 2840 2375 ἀντ.
2862 2304 2928 2394 γ’

923 2405 1264 2500 Εὔμηλος
1307 2400 1777 2503 Φερητιάδας,

925 2504 1010 2577 οὗ
1048 2505 1455 2585 καλλίστους
1489 2504 1748 2597 ι’δόμαν
1785 2506 2056 2586 πώλους

921 2608 1423 2706 πυρσότριχας,
1464 2607 1829 2703 μονόχαλα
1864 2612 1923 2682 δ’
1964 2610 2102 2684 ὑπὸ
2143 2610 2380 2708 σφυρὰ

921 2716 1572 2810 ποικιλοδέρμονας,
1616 2714 1724 2792 οἶς
1760 2713 2234 2810 παρεπάλλετο

919 2820 1274 2914 Πηλεΐδας
1312 2818 1440 2888 σὺν
1477 2818 1758 2888 ὅπλοισι
1793 2819 1949 2913 παρ’
1991 2819 2257 2908 ἄντυγα
2293 2819 2408 2890 καὶ
2449 2817 2568 2892 σύ-

1074 2947 1311 3016 ριγγας
1348 2919 1800 3016 ἁρματείους.

607 3027 760 3099 Non
799 3050 973 3121 opus
1011 3035 1161 3098 erat
1198 3023 1288 3095 ad
1327 3025 1537 3109 haec,
1589 3024 1705 3096 ἐπὶ
1755 3024 2157 3120 κρηναίαισι
2205 3022 2524 3120 δρόσοις,
2582 3025 2748 3098 addi
2801 3032 3009 3120 quod

609 3133 786 3203 fama
841 3131 1189 3225 proditum
1244 3130 1641 3213 constabat,
1697 3127 1788 3199 ad
1839 3128 2247 3199 Scamandri
2294 3131 2521 3200 fontes
2571 3133 3011 3204 convenisse

606 3235 1013 3327 deas,·quas
1053 3234 1241 3304 Paris
1280 3232 1650 3304 iudicaret:
1705 3257 1765 3302 v.
1801 3231 2067 3303 Coluth.
2103 3255 2166 3302 v.
2203 3231 2321 3303 70.
2412 3233 2587 3304 Illud
2631 3233 2702 3303 in
2739 3238 3004 3309 oculos

603 3339 922 3423 incurrit,
975 3337 1084 3408 his
1139 3337 1206 3404 in
1257 3336 1560 3429 strophis
1614 3335 2025 3428 scriptorem
2076 3337 2304 3421 cerni,
2360 3335 2479 3427 qui
2530 3349 2782 3430 poetae
2829 3361 3008 3412 esse

603 3443 779 3511 sciat
838 3462 980 3511 non
1043 3460 1306 3534 ponere
1376 3439 1670 3509 inertem
1739 3438 2335 3510 enumerationem
2401 3440 2790 3525 nominum,
2859 3446 3004 3515 sed

603 3555 892 3637 agentes
930 3542 1188 3635 aliquid
1225 3549 1297 3612 et
1332 3542 1532 3634 quasi
1569 3543 1770 3612 vivos
1809 3541 2232 3614 describere.
2308 3543 2613 3614 Immane
2649 3556 3003 3635 quantum

601 3649 809 3720 distat
864 3649 952 3718 ab
1004 3648 1139 3718 hoc
1189 3644 1399 3716 miser
1450 3646 1581 3716 iste
1632 3644 2115 3738 interpolator,
2169 3647 2288 3738 qui
2342 3646 2582 3718 folium
2628 3647 2698 3716 in
2736 3648 3000 3722 codice

600 3753 865 3844 perisse
903 3750 1329 3844 intelligenS,
1368 3770 1580 3839 quum
1619 3760 2198 3820 commemoratos
2238 3749 2528 3821 vidisset
2572 3752 2845 3843 aliquos
2893 3755 3002 3826 de

600 3854 884 3926 Graecis
935 3855 1265 3936 ducibuS,
1320 3852 1501 3923 hanc
1554 3873 1796 3922 ansam
1842 3853 2128 3945 arripuit
2163 3853 2522 3925 attexendi
2558 3854 2996 3947 putidissimi

599 3978 839 4028 eorum
882 3958 1151 4030 indicis,
1227 3956 1401 4027 Nam
1447 3977 1618 4028 sane
1671 3978 1811 4026 non
1847 3954 2124 4029 videtur
2175 3978 2456 4028 carmen
2496 3957 2603 4028 his
2639 3980 2771 4029 sex
2808 3983 3001 4052 quas

600 4060 802 4152 posui
838 4061 1139 4156 strophis
1174 4060 1566 4132 absolutum
1603 4081 1786 4143 esse,
1825 4060 1952 4131 sed
1993 4060 2338 4132 adiectam
2375 4061 2590 4132 fuisse
2627 4064 3001 4157 praesagi-

599 4164 857 4239 tionem
897 4165 1123 4250 exitii,
1163 4164 1352 4258 quod
1391 4163 1635 4234 Troiae
1674 4184 1714 4232 a
1751 4174 1940 4235 tanto
1977 4164 2295 4234 exercitu
2347 4175 2628 4257 tamque
2683 4167 2990 4239 fortibus

596 4268 752 4337 viris
805 4267 1221 4352 immineret3
1275 4280 1419 4339 tum
1474 4277 1708 4338 autem
1770 4279 2187 4362 anapaestos
2238 4266 2496 4359 aliquot
2560 4270 2982 4357 accessisse,

595 4371 846 4464 quibus
885 4391 1024 4441 non
1062 4372 1213 4441 sine
1250 4392 1513 4465 pavore
1562 4371 1830 4443 diceret
1879 4372 2133 4444 chorus
2178 4370 2523 4464 quosdam
2560 4373 2994 4445 altercantes

594 4474 952 4547 advenire.

800 4578 1061 4648 Horum
1114 4578 1416 4650 clamore
1460 4601 1673 4670 quum
1712 4578 2145 4670 Agamemno
2182 4600 2276 4650 ex
2311 4578 2603 4652 aedibus
2641 4589 2994 4652 evocatus

3250 2036 3261 2137 ᾼιᾼ

3254 2435 3262 2513 ᾉ-
