3328 5326
673 371 757 433 22
1657 366 2043 435 HOMERUs.

675 560 1007 652 διδύμους
1055 560 1328 635 dixerat
1375 557 1574 633 finxit
1602 558 2044 650 bicorporesz
2102 555 2368 646 διφυεῖς
2399 549 2534 647 γὰρ
2570 545 2777 647 ἦσαν,
2819 550 3051 653 inquit

675 662 1084 737 scholiastes
1137 662 1227 735 ad
1276 662 1389 733 XI
1443 662 1610 735 709.
1668 660 1936 749 ἔχοντες
1984 654 2297 751 ἑκάτεροι
2332 652 2459 726 δύο
2505 650 2843 746 κεφαλάς,
2883 655 3045 725 τέο,-

677 791 905 861 σαρας
927 766 1001 838 δὲ
1034 772 1267 862 χεῖρας
1298 792 1414 839 και
1449 762 1669 842 πόδας
1704 761 1872 840 τοὺς
1909 764 2129 845 ἴσους,
2170 759 2250 831 ἓν
2285 755 2358 829 δὲ
2390 756 2614 848 σῶμα,
2679 754 2872 829 Alius
2909 756 3050 825 ibi-

675 868 841 940 dem
880 869 1319 943 scholiastes:
1369 866 1413 962 ἢ
1467 867 1582 938 ὅτι
1627 861 2037 960 τερατώδεις
2083 859 2266 943 τινὲς
2297 854 2507 955 ἦσαν,
2550 859 2644 937 ὥς
2672 858 3040 946 Heluam,

678 971 894 1063 ἄμφω
928 975 1003 1044 ἐν
1036 971 1138 1043 ἑνι
1178 969 1453 1062 σώματι
1490 969 1705 1046 ὄντες.
1749 966 1840 1044 ὥς
1876 966 1950 1036 δὲ
1982 965 2191 1050 τινές,
2234 959 2545 1057 ἑκάτεροι
2580 958 2708 1033 δύο
2745 957 3052 1051 σώματος

675 1069 886 1162 εἶχον.
962 1072 1263 1147 Auxisse
1296 1074 1574 1145 videtur
1608 1069 2014 1143 miraculum
2051 1067 2331 1160 Ibycus,
2370 1065 2564 1137 cuius
2610 1063 2787 1135 haec
2823 1064 3047 1135 verba

676 1175 877 1251 affert
908 1177 1310 1251 Athenaeus
1346 1178 1421 1251 11.
1457 1199 1523 1270 p.
1560 1177 1680 1245 58.
1712 1173 1793 1245 A.

524 1306 655 1368 pm·
878 1279 1047 1359 τούς
1081 1306 1158 1354 τε
1191 1278 1600 1355 λευκίππους
1633 1275 1910 1372 κόρους,

877 1384 1080 1457 τέκνα
1112 1377 1512 1471 Μολιόνας,
1552 1377 1836 1462 κτάνον,

880 1485 1136 1570 ἅλικας,
1177 1481 1656 1578 ἰσοκεφάλους,
1700 1479 2063 1570 ἑνιγυίους,

881 1588 1323 1681 ἀμφοτέρους
1356 1585 1704 1679 γεγαῶτας
1738 1587 1813 1655 ἐν
1851 1584 1991 1674 ὠέῳ
2029 1581 2358 1676 ἀργυρέῳ,

675 1712 855 1784 quae
917 1691 1228 1784 exceptis
1292 1690 1564 1763 duobus
1625 1687 1863 1780 primis
1922 1683 2282 1757 versiculis
2334 1681 2734 1765 Eustathius
2792 1682 3056 1775 repetit

676 1817 742 1887 p.
781 1794 1000 1879 ⁴324,
1045 1796 1161 1868 25.
1210 1795 1429 1877 ⁴686,
1473 1791 1590 1862 47.
1645 1790 2020 1881 Corruptus
2072 1796 2180 1858 est
2229 1786 2469 1857 tertius
2518 1806 2797 1870 versuS‚
2846 1786 3054 1863 cuius

678 1906 897 1967 metro
943 1896 1224 1990 quidem
1274 1895 1563 1990 prodest
1604 1893 1929 1965 Meinekii
1973 1889 2065 1962 ad
2111 1889 2566 1961 Menandrum
2604 1912 2669 1982 p.
2707 1892 2822 1958 Μ.
2872 1910 3049 1960 con-

677 2001 938 2071 iectura
993 1998 1398 2079 ἰσοπάλουςε
1441 2007 1512 2068 at
1544 2018 1775 2089 neque
1814 1992 2487 2093 apparet-quomodo
2524 1992 2659 2065 hoc
2695 2014 2855 2064 cum
2892 1994 3048 2062 ἰσο-

676 2100 1012 2196 κεφάλους
1062 2102 1471 2175 commutari
1520 2100 1853 2195 potuerit,
1900 2108 1972 2169 et
2016 2096 2513 2188 significantius
2548 2095 2716 2187 quid
2751 2096 3048 2187 requiri-

679 2228 847 2277 mus.
924 2206 1055 2289 Qui
1105 2203 1592 2298 ἰσοκεφάλλους
1638 2203 1846 2273 scribi
1895 2202 2286 2284 voluerunt,
2340 2199 2596 2292 duplici
2641 2199 2757 2271 via
2794 2221 2834 2268 a
2870 2219 3049 2271 vero

676 2309 1083 2380 aberrarunt
1117 2307 1533 2399 longissime.
1590 2306 1754 2377 Mihi
1782 2303 2061 2396 quidem
2091 2301 2258 2375 illud
2285 2299 2739 2396 ἰσοκεφάλους
2773 2311 2847 2372 et
2880 2302 3048 2371 olim

675 2412 900 2482 visum
938 2419 1045 2480 est
1081 2420 1151 2480 et
1185 2431 1371 2481 nunc
1407 2408 1681 2483 videtur
1724 2406 2198 2500 interpretatio
2236 2426 2392 2485 esse
2427 2405 2684 2499 poetici
2718 2406 3045 2476 vocabuli

678 2506 1135 2608 ι’σοκαράνους
1152 2561 1176 2601 ,
1233 2512 1302 2579 in
1353 2531 1492 2603 quo
1541 2512 1764 2604 prima
1813 2510 2077 2603 syllaba
2127 2529 2267 2579 non
2315 2508 2504 2599 quod
2555 2509 2804 2601 Ibycus
2856 2505 3037 2597 ἶσος,

674 2635 816 2686 non
873 2617 1058 2700 ἴσος,
1114 2614 1580 2709 usurpaverit,
1638 2634 1820 2707 quae
1876 2611 2390 2686 Schneidewini
2440 2611 2673 2706 opinio
2728 2620 2867 2698 est,
2920 2612 3044 2704 qui

676 2717 863 2792 unde
911 2718 1192 2792 tandem
1236 2718 1510 2811 collegit
1558 2718 1720 2790 huic
1772 2718 1971 2788 aliam
2008 2737 2214 2807 quam
2255 2716 2505 2786 ceteris
2554 2715 2786 2807 lyricis
2836 2737 3044 2788 men-

673 2842 905 2893 suram
953 2822 1341 2915 placuisse?
1392 2821 1520 2893 sed
1568 2830 1854 2918 propter
1902 2839 2265 2891 numerum
2315 2818 2735 2917 dactylicum
2779 2818 3051 2913 produ—

673 2923 869 2998 citur
912 2923 1137 2998 Credo
1164 2935 1419 3010 autem,
1443 2947 1660 3017 quum
1688 2944 1900 3017 saepe
1927 2923 2378 3016 heptametris
2406 2922 2765 3015 dactylicis
2789 2923 3044 3015 Ibycus

672 3037 743 3100 et
771 3028 1205 3101 Stesichorus
1242 3029 1349 3102 usi
1384 3027 1542 3112 sint,
1571 3025 1911 3118 ἑνιγυίους
1938 3025 2311 3098 deficiente
2338 3026 2566 3119 spatio
2591 3046 2687 3098 ex
2712 3026 3048 3106 inferiore

672 3153 878 3202 versu
915 3131 1226 3204 additum
1263 3152 1421 3206 esse
1457 3129 1927 3224 praecedenti,
1966 3150 2351 3220 versusque
2388 3130 2541 3208 illos
2579 3129 2751 3200 tales
2791 3130 3041 3208 fuisse:

874 3234 1135 3325 ἅλικας,
1178 3231 1659 3330 ἰσοκαράνους,
1737 3305 1742 3310 ,

873 3336 1318 3432 ἀμφοτέρους
1349 3337 1699 3427 γεγαῶτας
1732 3340 1807 3408 ἐν
1844 3336 1987 3427 ὠέῳ
2022 3336 2331 3430 ἀργυρέῳ
2367 3334 2731 3424 ἑνιγυίους.

871 3438 1198 3509 Fabulam
1246 3439 1478 3523 istam,
1517 3461 1697 3530 quae
1736 3438 1826 3509 de
1864 3436 2257 3508 Molionidis
2296 3438 2481 3532 apud
2523 3438 3042 3530 antiquissimos

670 3541 1052 3625 ferebatur,
1108 3542 1176 3610 in
1223 3542 1306 3612 iis
1352 3562 1546 3626 esse,
1582 3542 1835 3634 quibus
1870 3561 2012 3614 non
2048 3551 2313 3621 certum
2354 3544 2641 3626 factum,
2681 3540 2808 3615 sed
2844 3544 3042 3633 quod

670 3643 819 3714 fieri
883 3645 1103 3716 soleat
1165 3645 1592 3729 continetur,
1646 3645 1848 3718 facile
1898 3666 1994 3716 ex
2040 3645 2206 3737 ipsis
2256 3645 2649 3720 nominibus
2701 3647 3046 3740 cognosci

670 3757 931 3839 potest,
967 3747 1179 3820 modo
1215 3769 1305 3818 ne
1341 3748 1495 3839 quis
1533 3770 1691 3822 cum
1726 3748 2097 3826 Welckero
2132 3748 2398 3841 lapides
2433 3750 2733 3820 molares
2769 3748 3043 3824 afferat.

670 3850 852 3933 Quid
880 3850 1251 3944 significari
1278 3851 1598 3922 videatur
1630 3852 1984 3944 explicare
2012 3850 2246 3924 studui
2274 3853 2340 3925 in
2372 3874 2458 3923 ea
2484 3852 2798 3945 epistola,
2827 3874 3044 3944 quam

669 3951 759 4022 de
808 3954 1073 4025 ratione
1126 3955 1593 4048 mythologiae
1645 3954 1736 4025 ad
1789 3954 2200 4028 Creuzerum
2251 3956 2533 4048 scripsi,
2587 3978 2656 4048 p.
2700 3957 2795 4029 52
2835 3976 3037 4047 seqq.

668 4054 744 4125 ld
779 4077 964 4128 nunc
1002 4079 1095 4130 ex
1128 4069 1324 4152 parte
1360 4067 1755 4130 correctum
1790 4058 2021 4150 paullo
2069 4058 2339 4151 longius
2376 4055 2743 4136 deducam.
2818 4058 3048 4134 Phor-

664 4158 895 4234 hantis
944 4158 1125 4233 filius
1177 4162 1302 4233 fuit
1335 4160 1582 4245 Actor,
1637 4170 1816 4232 teste
1854 4160 2158 4234 Diodoro
2198 4162 2431 4236 Siculo
2466 4161 2570 4230 IV.
2606 4164 2724 4238 68.
2785 4162 2934 4246 Hic,
2974 4164 3040 4233 si

665 4262 1039 4334 Homerum
1099 4276 1290 4336 recte
1350 4286 1504 4338 sum
1566 4265 2054 4357 interpretatus
2075 4319 2092 4349 ,
2156 4264 2371 4340 filium
2430 4264 2673 4342 habuit
2723 4265 3040 4351 Munium,

666 4364 862 4440 cuius
898 4363 1019 4436 filii
1055 4387 1214 4440 esse
1251 4367 1416 4442 dicti
1453 4375 1616 4440 sunt
1641 4367 1921 4440 Cteatus
1953 4377 2028 4437 et
2062 4368 2386 4461 Eurytum,
2426 4368 2557 4442 etsi
2591 4387 2800 4442 verus
2837 4378 3047 4461 pater

663 4468 941 4542 habitus
992 4478 1099 4540 est
1141 4469 1520 4564 Neptunus
1611 4469 1945 4544 Nimirum
1998 4471 2308 4563 diligenti
2360 4471 2462 4544 rei
2513 4471 2814 4548 rusticae
2868 4493 3047 4548 cura

663 4570 991 4657 efficitur,
1043 4581 1119 4645 ut
1166 4583 1579 4667 proventus,
1631 4573 1766 4648 hoc
1815 4584 1922 4645 est
1956 4574 2272 4668 pecudes
2304 4583 2376 4646 et
2412 4575 2868 4657 frumentum,
2907 4595 3046 4656 ex.-
