3328 5326
683 348 809 410 3⁴2
899 417 900 420 Ἴ
1492 346 1955 412 CONIECTAN.
1993 349 2265 412 CRITIC.

997 538 1201 632 πενίᾳ
1236 541 1298 610 δ’
1339 538 1651 611 ἐλάσσων
1690 540 2064 631 ὤν’γένους
2102 538 2500 631 ἀλγύνεται,

999 643 1285 737 φρονῶν
1322 646 1414 731 δ’,
1460 645 1568 716 ὑπ’
1611 645 1856 722 αἰδοῦς
1893 644 2020 739 ἔργ’
2064 646 2462 716 ἀπωθεῖται
2501 644 2754 739 χερῶν.

845 750 938 818 15
1000 748 1037 815 ὁ
1076 748 1135 816 δ”
1181 746 1380 817 οὐδὲν
1421 748 1675 836 οὐδεὶς,
1720 747 1836 818 διὰ
1870 750 2113 825 τέλους
2151 747 2222 818 δὲ
2258 748 2640 837 δυςτυχῶν,

995 850 1263 941 τοσῷδε
1298 851 1483 943 νικᾷ.
1545 850 1680 922 τοῦ
1714 849 1847 946 γὰρ
1884 848 1962 922 εὖ
1996 848 2405 948 τητώμενος

997 956 1121 1023 οὐκ
1161 948 1373 1037 οἶδεν,
1417 954 1523 1024 ἀεὶ
1562 956 1925 1042 δυστυχῶν
1960 955 2186 1031 κακῶς
2221 957 2274 1025 τ’
2318 955 2515 1043 ἔχων.

999 1057 1223 1132 οὕτως
1260 1056 1560 1151 ἄριστον
1593 1057 1693 1153 μὴ
1733 1059 2207 1153 πεπειρᾶσθαι
2243 1059 2497 1147 καλῶν,

993 1162 1183 1231 ἐκεῖν’
1226 1161 1331 1230 ἀεὶ
1366 1163 1823 1258 μεμνημένον
1860 1160 2062 1250 πόθ’,
2108 1160 2257 1239 οἶος
2290 1157 2379 1258 ἦν

840 1265 935 1337 20
992 1260 1208 1355 κάγώ,
1249 1267 1395 1355 μετ’
1438 1265 1714 1359 ἀνδρῶν
1749 1263 1920 1360 ἡνίκ’
1962 1261 2305 1353 εὐτύχουν
2340 1266 2539 1335 ποτέ.

891 1368 959 1438 Ρ.
1007 1368 1178 1439 673.
1225 1367 1416 1459 quod
1468 1368 1536 1437 in
1581 1368 1909 1461 Meleagri
1964 1371 2044 1438 fr.
2078 1369 2249 1438 XlII.
2290 1366 2518 1462 [Dind.
2552 1369 2635 1437 fr.
2672 1366 2848 1462 537]
2893 1390 3061 1439 con-

681 1471 846 1543 iecit
886 1470 1301 1564 MadvigiuS,

990 1574 1295 1669 τερπνὸν
1331 1573 1419 1644 τὸ
1458 1574 1606 1667 φῶς
1639 1597 1796 1666 μοι·
1839 1572 1926 1645 τὸ
1965 1576 2024 1645 ‹5‘
2066 1573 2207 1645 ὑπὸ
2241 1573 2624 1670 γῆνἌιὸου
2666 1570 2920 1651 σκότος

997 1680 1143 1748 οὐδ’
1183 1679 1284 1755 εἰς
1323 1677 1599 1773 ὄνειρον
1639 1674 1826 1748 οἶδεν
1864 1675 2278 1772 ἀνθρώποις
2313 1682 2581 1767 μολεῖν,

680 1780 754 1854 id
806 1791 880 1853 ut
929 1782 1017 1852 sit
1068 1803 1189 1852 »ne
1240 1803 1366 1873 per
1420 1782 1764 1853 somnium
1802 1781 2087 1873 quidem
2123 1781 2283 1852 Orci
2322 1782 2654 1852 tenebrae
2693 1783 2922 1852 animo
2957 1782 3067 1851 in-

610 1887 615 1892 ’
681 1886 960 1955 formari
995 1886 1207 1978 inque
1243 1907 1404 1957 eum
1440 1885 1767 1957 insinuari
1808 1895 2130 1978 possunt:
2174 1885 2268 1955 ita
2305 1894 2466 1955 sunt
2501 1906 2542 1955 a
2578 1895 2819 1957 nostro
2857 1906 3061 1956 sensu

679 1989 949 2059 alienae
985 2000 1056 2060 et
1092 1998 1463 2075 remotae«,
1503 2011 1635 2059 nee
1666 1990 2054 2059 sententiae
2082 1989 2247 2060 satis
2277 1989 2647 2060 convenire
2672 1991 2759 2060 'et
2795 1989 3068 2082 longius

678 2093 1051 2185 repetitum
1088 2093 1380 2164 videtur.
1468 2093 1806 2163 Distincte
1862 2093 2072 2163 enim.
2097 2093 2237 2163 diei
2273 2091 2580 2163 debebat
2616 2095 2870 2164 malam
2907 2112 3066 2164 esse

678 2207 994 2268 mortem.
1072 2197 1149 2268 Id
1187 2198 1287 2267 sie
1323 2196 1831 2268 restituendum
1868 2207 2070 2289 puto:

1716 2298 1804 2370 τὸ
1841 2301 1901 2370 δ’
1943 2298 2083 2371 ὑπὸ
2116 2301 2240 2394 γῆς
2254 2300 2496 2369 Ἅιδου
2534 2295 2788 2376 σκότος

995 2405 1143 2474 οὐδ’
1186 2404 1284 2480 εἰς
1324 2404 1600 2498 ὄνειρον
1636 2402 1886 2473 εὐκτὸν
1923 2399 2342 2497 ἀνθρώποις
2374 2407 2643 2492 μολεῖν.

886 2506 956 2574 Ρ.
1006 2506 1099 2577 67
1110 2505 1175 2577 4.
1232 2527 1479 2577 vereor
1530 2528 1619 2576 ne
1670 2504 2135 2576 confidentius
2187 2506 2279 2577 de
2332 2506 2674 2600 scriptura
2728 2507 2798 2576 in
2851 2502 3063 2575 Oenei

678 2610 763 2678 fr.
807 2608 911 2679 lV.
954 2606 1183 2702 [Dind.
1220 2611 1299 2680 fr.
1336 2608 1513 2704 563]
1560 2609 1995 2681 iudicaverit.
2087 2610 2269 2695 Quid
2321 2610 2542 2696 enim,
2591 2609 2649 2681 si
2688 2610 2833 2700 καὶ,
2875 2606 3063 2702 quod

679 2712 865 2806 apud
913 2713 1318 2785 Erotianum
1384 2724 1542 2807 post
1599 2711 2001 2810 ε’φηβήσασι
2059 2713 2350 2807 legitur,
2407 2716 2567 2784 loeo
2619 2736 2749 2787 suo
2803 2725 3065 2785 motum

676 2817 925 2887 παισὶν
963 2820 1116 2887 est?
1791 2910 1793 2913 ι
2045 2829 2049 2833 “

986 2919 1115 3011 ἐγώ
1154 2901 1227 2991 ὸῖ
1253 2919 1534 3015 ’πατρὸς
1569 2920 1714 3012 αἷμ’
1754 2918 2310 3017 ἐτιμωρησάμην

991 3023 1120 3095 σὺν
1152 3030 1308 3102 τοὶς
1344 3021 1748 3120 ἑφηβήσασι
1781 3025 1928 3094 τῶν
1968 3022 2326 3095 ὀλωλότων

987 3153 1263 3198 παισίν.

677 3230 1072 3303 Herodotus
1110 3231 1216 3301 VI.
1254 3234 1371 3301 83.
1420 3235 1490 3308 ἐς
1530 3231 1568 3300 ὃ
1607 3228 1970 3327 ἐπήβησαν
2009 3237 2077 3300 οἱ
2110 3231 2257 3301 τῶν
2302 3232 2758 3322 ἀπολομένων
2792 3231 3057 3304 παῖδες.

884 3333 1153 3404 Eadem
1216 3335 1469 3426 pagiua
1530 3356 1672 3403 non
1724 3334 1994 3404 videtur
2045 3334 2343 3405 dubitari
2397 3355 2606 3426 posse
2654 3334 2820 3425 quin
2871 3341 3064 3403 reete

677 3436 1067 3528 Madvigius
1100 3438 1560 3529 fragmentum
1590 3434 2017 3507 Philoctetae
2045 3438 2214 3507 XIII.
2257 3435 2485 3531 [Dind.
2511 3439 2590 3506 fr.
2619 3439 2661 3509 7
2670 3435 2794 3531 95]
2825 3457 3059 3506 emen-

482 3556 655 3619 μευ
679 3539 983 3626 daverit,
1036 3544 1218 3633 (nam
1257 3541 1741 3628 ὃυςτυχοῦντα
1777 3540 1844 3608 in
1900 3540 2116 3612 altero
2153 3562 2364 3612 versu
2415 3561 2545 3634 per
2595 3561 2898 3611 errorem
2946 3560 3052 3608 re-

677 3644 915 3714 lictum
972 3664 1129 3714 esse
1183 3640 1429 3737 patet),
1488 3641 1621 3716 sed.
1673 3644 1889 3736 prima
1943 3665 2120 3730 vox,
2186 3665 2368 3737 quae
2431 3638 2615 3738 apud
2687 3644 3057 3714 Stobaeum

674 3747 934 3841 πατρὶς
970 3756 1111 3832 est,
1149 3768 1292 3818 non
1329 3747 1658 3816 convenit
1708 3747 2097 3818 sententiae
2135 3748 2226 3819 ad
2263 3769 2507 3819 omnes
2555 3748 2861 3819 civitates
2895 3767 3059 3839 per-—

677 3850 951 3920 tinenti:
994 3851 1205 3921 immo
1242 3849 1378 3920 hoc
1416 3850 1554 3922 dici
1591 3849 1930 3923 debebat:

982 3951 1188 4032 πόλις
1221 3954 1445 4031 καλῶς
1479 3950 1912 4049 πράσσουσαἡ
1937 3954 2067 4024 τὸν
2103 3954 2472 4049 κρατοῦντ’
2515 3955 2624 4025 ἀεὶ

981 4056 1194 4148 μείζω
1229 4055 1510 4153 τίθησι,
1552 4058 1997 4145 δυςτυχοῦσα
2033 4059 2094 4127 δ’
2137 4057 2433 4152 ἀσθενῆ.

881 4158 1248 4231 Phoenicis
1284 4163 1753 4252 fragmentum
1780 4161 1827 4229 1.
1866 4158 2098 4254 [Dind'.
2133 4163 2213 4233 fr.
2251 4159 2426 4254 804]
2472 4182 2605 4253 ego
2643 4160 2913 4254 quidem
2951 4158 3049 4228 sic

673 4260 1165 4354 corrigendum
1201 4273 1401 4357 puto:

978 4362 1358 4461 μοχθηρόν
1394 4370 1589 4437 ἐστιν
1627 4367 1831 4461 ἀνδρὶ
1867 4365 2220 4462 πρεσβύτῃ
2252 4370 2514 4439 τέκνων

981 4467 1272 4561 ἄρωσις,
1317 4469 1512 4547 ὅστις
1551 4471 1786 4540 οὐκέθ’
1829 4471 2090 4565 ὡραῖος
2123 4477 2357 4562 γαμεῖ·

980 4572 1315 4642 δέσποινα
1350 4571 1481 4667 γὰρ
1517 4575 1800 4668 γέροντι
1836 4574 2120 4669 νυμφίῳ
2155 4570 2357 4669 γυνή.
