3328 5326
665 366 791 427 328
1594 366 2106 428 THEOCRITUS.

977 557 1076 648 τῷ
1114 557 1177 625 δ’
1217 555 1588 644 ἑγὼᾼᾶλλον
1626 557 1870 627 ὀϊστὸν
1907 556 2046 628 ἀπὸ
2082 558 2329 654 νευρῆς
2372 563 2779 651 προΐαλλον,

981 655 1372 748 ἀσχαλόων,
1419 659 1532 729 ὅτι
1567 686 1697 750 μοι
1732 660 1900 754 πρὶν
1936 657 2228 739 ἐταῖσιος
2265 662 2510 754 ἔκφυγε
2544 658 2801 757 χειρός.

670 766 782 835 Sic
811 764 992 833 enim
1023 762 1197 831 haec
1225 761 1414 833 dicta
1441 773 1624 847 sunt,
1658 785 1743 833 ac
1780 765 1838 835 si
1878 765 2196 835 eamdem
2227 765 2575 857 sagittam,
2605 787 2817 858 quam
2845 764 3041 835 modo

666 871 920 939 frustra
972 866 1331 949 emiserat,
1392 867 1584 937 arcui
1631 868 2097 960 imposuisset.
2175 869 2248 938 ln
2297 879 2623 960 quattuor
2673 869 2885 940 codd.
2928 890 3042 963 pro

657 972 781 1042 ,ὅτι
815 981 926 1040 est
963 971 1083 1057 ὠς,
1129 970 1196 1038 in
1234 990 1374 1039 uno
1411 970 1513 1047 ὅς.
1597 970 1794 1041 Unde
1831 971 2312 1043 scribendum:

977 1069 1382 1160 ἀσχαλόων,
1411 1072 1453 1142 ὅ
1486 1099 1619 1164 μοι
1654 1075 1695 1144 ὁ
1733 1076 1904 1170 πρὶν
1936 1074 2226 1153 ’ἑτώσιος
2263 1075 2512 1168 ἔκφυγε
2545 1072 2801 1171 χειρός.

873 1177 951 1247 V.
985 1174 1156 1248 254.
1192 1197 1333 1246 non
1371 1178 1617 1268 prob0‚
1658 1179 1851 1270 quod
1879 1179 2264 1250 Meinekius
2291 1176 2862 1275 προεσχεθόμην,
2895 1179 3048 1271 quia

666 1281 733 1350 in
776 1279 1051 1352 duobus
1104 1279 1465 1351 codicibus
1512 1279 2042 1399 προςεχεθὸμην
2093 1283 2373 1375 legitur,
2430 1282 2497 1351 in
2549 1279 3047 1379 προσχεθόμην

665 1383 977 1454 mutavit.
1095 1383 1457 1466 Quaerunt
1519 1385 1707 1454 enim
1771 1388 1989 1478 magis
2053 1408 2263 1479 quam
2327 1386 2598 1478 fugiunt
2648 1386 2856 1460 huius
2908 1386 3047 1456 aevi

663 1497 918 1582 poetae
953 1487 1458 1557 volubilitatem
1506 1509 1834 1560 numer01
1842 1513 1990 1574 um
2038 1512 2219 1583 quae
2278 1491 2486 1582 perit,
2543 1490 2602 1560 si
2650 1490 2835 1585 χειρὶ
2885 1514 3045 1583 προ-

668 1590 1027 1686 σχεθόμην
1073 1591 1341 1683 legitur.

869 1694 946 1762 V.
992 1694 1162 1766 267.
1208 1694 1655 1766 scribendum
1692 1696 1790 1791 μὴ
1835 1693 2094 1790 σάρκας
2132 1694 2538 1791 ἀποδρύψεί
2581 1692 2976 1785 ὀνύχεσσιν.

870 1797 950 1866 V.
985 1798 1158 1869 269.
1192 1820 1331 1869 non
1370 1798 1831 1870 dubitandum
1871 1811 2058 1893 put0,
2098 1800 2264 1892 quin
2304 1812 2495 1871 recte
2531 1800 2785 1871 viderit
2813 1800 3047 1893 Brigg-

664 1901 808 1973 sius
848 1900 1296 1971 scribendum
1334 1924 1490 1971 esse
1528 1902 1829 1998 μηροῑσί
1860 1932 1935 1974 τε
1972 1901 2194 1997 πλεύρ’
2236 1902 2660 1996 ἐφύλασσον.
2704 1902 2890 1972 Nihil
2926 1902 3051 1973 nisi

666 2027 861 2075 error
899 2014 1006 2075 est
1040 2006 1300 2075 veteris
1339 2006 1634 2091 librarii,
1673 2009 2028 2100 opposita,
2069 2016 2146 2077 ut
2182 2029 2397 2101 saepe
2434 2007 2905 2078 scribentibus
2942 2028 3051 2076 ac-

668 2108 857 2193 cidit,
890 2109 1407 2194 confundentiS,
1439 2132 1653 2202 quum
1681 2109 2018 2205 πλευρῇσί
2042 2138 2120 2181 τε
2144 2110 2305 2207 μῆρ’
2336 2108 2735 2204 ἐφύλασσον
2756 2109 3048 2204 scripsit.

872 2212 950 2281 V.
1003 2212 1175 2284 274.
1236 2235 1379 2283 non
1436 2223 1603 2306 puto
1657 2222 1849 2283 recte
1899 2212 2131 2309 ψυχὴν
2179 2210 2523 2308 πελώριον
2575 2213 2735 2283 dici.
2825 2214 3052 2298 Quare

666 2315 888 2409 probo
941 2316 1132 2408 quod
1177 2316 1446 2388 Iuntina
1496 2326 1566 2388 et
1616 2327 1944 2410 quattuor
1982 2317 2264 2388 codices
2301 2318 2677 2411 praebent,
2719 2316 2953 2414 ψυχην
2989 2315 3055 2388 δὲ

665 2416 1004 2513 πελώριος
1042 2418 1313 2509 ε”λλαχεν
1338 2420 1599 2515 Ἅιδης.

874 2521 1132 2614 Aperte
1169 2523 1416 2593 vitiosa
1455 2534 1616 2593 sunt
1653 2523 1830 2592 haec
1867 2547 1934 2594 v.
1967 2524 2137 2596 272.

474 2652 526 2704 p.
546 2641 644 2688 979
978 2626 1093 2696 καὶ
1132 2623 1291 2696 τότε
1332 2625 1413 2724 δὴ
1450 2624 1788 2718 βούλευον
1827 2625 2016 2705 ὅπως
2050 2625 2471 2718 λασιαύχενα
2507 2622 2803 2722 βύρσαν·

976 2729 1206 2826 θηρὸς
1242 2731 1662 2807 τεθνειῶτος
1700 2729 1837 2800 ἀπὸ
1874 2733 2134 2822 μελέων
2171 2729 2591 2827 ἐρυσαίμην,

978 2833 1323 2927 ἀργαλέον,
1353 2830 1544 2924 μάλα
1579 2830 1893 2926 μόχθον,
1935 2836 2083 2905 ἐπεὶ
2123 2835 2248 2906 οὐκ
2282 2834 2432 2906 ἔσκε
2470 2832 2728 2930 σιδήρῳ

976 2932 1244 3033 τμητή,
1290 2934 1453 3007 οὐδὲ
1485 2935 1722 3013 λίθοις
1757 2939 2191 3033 πειρωμένῳ,
2237 2936 2399 3009 οὐδὲ
2430 2936 2562 3030 μὲν
2599 2938 2754 3032 ὕλῃ.

667 3039 848 3110 Nihil
902 3040 1172 3111 variant
1225 3040 1416 3125 libri,
1472 3062 1606 3110 nec
1661 3051 1980 3134 repertus
2033 3052 2141 3113 est
2191 3041 2533 3133 interpres
2581 3050 2700 3112 aut
2747 3042 3048 3125 criticuS‚

666 3144 783 3236 qui
841 3144 1068 3216 lucem
1120 3154 1243 3214 aut
1292 3144 1679 3217 remedium
1733 3144 2034 3215 offerret.
2129 3145 2200 3214 Si
2249 3145 2448 3238 pellis
2500 3167 2633 3215 nec
2689 3147 2874 3215 ferro
2923 3165 3053 3215 nec

666 3248 860 3318 silice
910 3247 1136 3318 scindi
1187 3248 1438 3340 potuit,
1494 3270 1748 3319 vereor
1802 3270 1891 3318 ne
1946 3250 2197 3321 frustra
2249 3269 2666 3342 quaeramus
2715 3249 2899 3320 aliud
2945 3248 3051 3318 his

665 3351 1017 3445 potentius
1057 3350 1607 3422 instrumentum.
1703 3351 1781 3422 Id
1827 3351 2033 3444 igitur
2069 3375 2158 3422 ne
2196 3353 2327 3422 erit
2371 3352 2656 3444 quidem
2713 3374 3053 3446 quaeren-

667 3454 859 3538 dum,
899 3454 1026 3524 sed
1063 3453 1438 3526 videndum
1479 3456 1741 3547 potiuS,
1780 3475 1960 3547 quae
2000 3455 2104 3526 vis
2143 3477 2301 3526 esse
2339 3456 2504 3526 ferri
2542 3467 2613 3527 et
2648 3456 2861 3528 silicis
2897 3476 3054 3526 esse

665 3558 991 3651 potuerit.
1069 3557 1174 3627 Ea
1211 3580 1460 3630 caussa
1500 3558 1678 3629 haec
1714 3558 1816 3628 sic
1855 3558 2227 3645 scribenda
2263 3569 2462 3653 puto:

979 3661 1314 3755 ἀργαλέον
1350 3660 1540 3752 μάλα
1576 3659 1891 3752 μόχθον,
1935 3663 2081 3733 ἐπεὶ
2119 3663 2354 3738 οὔπως
2389 3661 2536 3733 ἔσκε
2581 3660 2838 3759 σιδήρῳ

978 3760 1242 3861 τμητή,
1286 3764 1447 3836 οὐδὲ
1481 3763 1716 3842 λίθοις
1750 3768 2186 3861 πειρωμένῳ,
2231 3767 2398 3837 οὐδέ
2427 3793 2540 3837 κεν
2579 3764 2817 3862 οὐλήν.

668 3867 842 3938 Nam
896 3867 1064 3940 illud
1129 3891 1271 3939 non
1326 3867 1486 3940 οὐδὲ
1532 3869 1704 3960 μέν,
1763 3868 1891 3939 sed
1945 3870 2107 3940 οὐδέ
2153 3895 2268 3939 κεν
2320 3869 2455 3939 dici
2511 3869 2835 3940 debebat.
2946 3868 3052 3937 Οὐ

663 3970 898 4066 τμητὴ
953 3973 1101 4042 οὐδ’
1162 3972 1252 4042 ἂν
1306 3970 1517 4067 οὐλήν
1570 3983 1677 4043 est
1728 3972 1965 4066 pellis,
2019 3974 2088 4042 in
2126 3995 2264 4066 qua
2303 3976 2559 4044 ferrum
2600 3985 2718 4045 aut
2754 3974 2935 4044 siler?
2962 3991 3050 4040 ne

670 4074 1066 4144 cicatricem
1115 4075 1433 4168 quidem,
1490 4077 1550 4146 si
1587 4076 1911 4147 scindere
1948 4077 2366 4162 tentaveriS,
2409 4078 2768 4171 relinquat.
2847 4075 3050 4144 Prae-

669 4186 864 4247 terea
901 4178 1110 4246 etiam
1145 4179 1292 4250 ἐπεὶ
1333 4179 1567 4256 οὔπως
1603 4181 2051 4253 scribendum
2091 4190 2259 4252 erat.

1654 4488 2066 4498 ———.-.
