3328 5326
511 996 611 1057 με,

639 363 766 430 362
1655 362 1992 430 nYuNUS.

636 555 724 626 ad
762 556 809 625 Ι.
849 556 982 630 424
1004 558 1069 626 6.
1111 567 1425 640 narrant,
1471 555 1565 628 de
1600 555 2035 648 Dryopib11s‚
2081 556 2201 647 qui
2250 554 2340 628 ab
2387 555 2691 628 Hercule
2731 554 3019 649 Delphis

634 660 854 752 pulsi,
893 658 1083 751 quod
1135 660 1431 753 amplius
1479 680 1737 732 nocere
1789 680 1929 728 non
1976 661 2356 751 potuerint,
2405 659 2710 738 Ἀσινεῑς
2761 661 3020 736 fuerint

634 764 979 856 appellati.
1059 762 1309 834 Verum
1362 762 1668 848 viderat,
1721 762 1849 833 sed
1894 763 2081 836 male
2131 765 2623 855 interpretatus
2674 774 2828 832 erat
2866 764 3021 857 Syl-

633 865 951 958 burgius:

945 968 1272 1048 ὸειλαίοις
1304 970 1705 1042 >leimam
1741 968 2171 1061 ἐπιτριπτῆρ’
2210 964 2581 1085 scandens.

632 1071 785 1141 Non
838 1073 1059 1166 magis
1104 1073 1372 1144 admitti
1424 1082 1687 1167 potest,
1738 1071 1931 1163 quod
1978 1070 2227 1142 eadem
2260 1072 2633 1146 occasione
2667 1073 2741 1144 in
2775 1074 3018 1145 Bionis

632 1174 1077 1268 epithalamio
1118 1173 1407 1248 Achillis
1459 1188 1534 1247 et
1579 1175 1985 1248 Deidamiae
2021 1198 2079 1248 v.
2121 1173 2235 1244 44.
2282 1175 2374 1245 de
2410 1176 2697 1248 Graecis
2741 1177 3015 1247 Troiam

630 1280 944 1371 petituris
983 1281 1336 1371 scriptum,
1375 1302 1674 1372 quorum
1712 1300 1920 1352 nemo
1958 1278 2146 1350 domi
2182 1279 2513 1354 manserit
2552 1280 2787 1372 φέρων
2825 1281 3013 1351 δισὶν

628 1381 805 1456 ἀνὰν
842 1382 1054 1478 ἄρηα,
1096 1383 1168 1454 in
1205 1385 1435 1477 φέρων
1464 1380 1800 1479 δεισήνορ’
1835 1381 2071 1477 ’Ἀρηα
2097 1383 2350 1454 mutari
2375 1383 2611 1454 voluit.
2670 1384 3012 1476 Apertum

627 1494 735 1555 est
786 1486 1003 1571 enim,
1061 1486 1413 1558 neminem
1465 1485 1654 1558 domi
1703 1486 2039 1560 mansisse
2092 1485 2278 1556 idem
2316 1507 2474 1557 esse
2511 1497 2719 1578 atque
2760 1510 3011 1559 unum-

624 1610 972 1682 quemque
1015 1593 1406 1682 profectum
1443 1589 1652 1664 domo
1691 1610 1887 1673 esse,
1927 1600 2004 1666 ut
2038 1610 2178 1662 non
2215 1583 2672 1664 dubitandum
2711 1590 2803 1662 sit
2838 1592 3005 1683 quin

625 1692 979 1785 scripserit
1017 1693 1139 1763 Bio
1177 1695 1408 1790 φέρων
1444 1691 1796 1766 δύστανον
1834 1692 2051 1788 ἄρηα..
2107 1693 2196 1762 Et
2233 1692 2579 1789 δύστηνον
2618 1695 3008 1766 coniecisse

622 1796 1009 1868 Bentleium
1065 1797 1427 1870 adnotavit
1471 1797 1732 1889 Maltby
1769 1797 1862 1867 ad
1901 1797 2167 1870 Morelli
2206 1797 2632 1870 Thesaurum
2671 1820 2737 1894 p.
2777 1797 3001 1870 4445.

826 1900 1111 1970 Accede
1149 1900 1240 1973 ad
1280 1899 1797 1972 Callimachum.
1872 1900 1949 1970 In
1984 1923 2051 1970 v.
2090 1899 2184 1970 47
2193 1899 2236 1970 7
2245 1956 2259 1970 .

932 2001 1246 2098 φρούρια
1282 2004 1397 2075 καὶ
1433 2005 1667 2095 κῶμαι
1700 2005 2007 2099 Λοκρῶν
2041 2003 2157 2074 καὶ
2193 2001 2531 2095 Δελφίὸες
2569 2002 2811 2099 ἄκραι,

630 2106 922 2200 (sumam
975 2108 1160 2177 enim
1210 2108 1589 2200 genuinum
1638 2105 1823 2199 esse)
1869 2117 2059 2178 mota
2108 2116 2216 2177 est
2267 2105 2606 2182 dubitatio
2654 2107 2745 2178 de
2786 2108 3007 2180 tribus

619 2210 986 2303 spondeiS‚
1043 2234 1221 2303 quos
1273 2210 1733 2286 Callimachus
1784 2231 1923 2282 non
1975 2209 2282 2303 posuerit
2329 2210 2699 2288 continuos
2748 2213 2883 2284 nisi
2933 2214 3001 2284 in

616 2336 857 2386 versus
937 2316 1129 2386 initio
1209 2315 1462 2386 sexies.
1573 2315 1833 2388 Eorum
1907 2313 2389 2406 exemplorum
2467 2336 2679 2386 unum
2751 2316 3008 2409 eripuit

620 2418 1087 2492 Schneiderus
1136 2442 1204 2511 p.
1249 2420 1419 2491 264.
1470 2418 1648 2489 scite
1704 2418 1795 2490 de
1845 2417 1977 2488 hac
2028 2438 2104 2489 re
2159 2417 2555 2509 distin-itam,
2618 2418 2748 2490 sed
2801 2431 2879 2490 ut
2932 2420 3001 2489 in

617 2522 817 2592 simili
855 2543 1071 2595 causa
1104 2545 1171 2615 p.
1207 2523 1379 2594 266.
1414 2522 1544 2596 sibi
1581 2543 1722 2596 non
1759 2521 2153 2594 constitisse
2189 2520 2523 2605 videatur,
2563 2544 2778 2615 quum
2816 2523 2999 2594 hunc

621 2645 921 2709 versum,

1082 2729 1328 2801 υἱωνοὶ
1364 2728 1652 2801 πίνουσι
1686 2726 2098 2824 Λυκαονίης
2134 2728 2455 2823 ἄρκτοις),

615 2841 986 2924 propterea
1023 2832 1275 2925 corrigi
1311 2834 1546 2917 vellet,
1584 2831 1773 2923 quod
1805 2831 2263 2905 Callimachus
2288 2853 2535 2905 versus
2572 2833 2996 2926 spondiacos

615 2956 756 3007 non
808 2937 1209 3013 terminaret
1258 2937 1608 3009 vocabulo
1668 2936 2045 3027 trisyllabo.
2156 2936 2306 3009 Hoc
2357 2945 2467 3006 est
2516 2937 2733 3021 iuius,
2782 2959 2994 3030 quam

613 3034 935 3113 dicebam
972 3040 1264 3117 modum
1298 3040 1672 3121 excedere,
1716 3039 2133 3132 diligentiae.
2203 3039 2385 3110 Sane
2421 3040 2704 3131 quidam
2744 3063 2995 3113 recen-

613 3144 864 3217 tiorum
917 3156 1279 3236 poetarum
1330 3162 1505 3236 quas
1551 3144 1685 3219 sibi
1730 3144 1925 3235 leges
1961 3165 2408 3217 numerorum
2450 3146 2791 3230 fecerant,
2835 3168 2994 3219 cum

612 3247 963 3319 anxietate
997 3248 1306 3339 quadam
1341 3249 1830 3321 observarunt:
1871 3268 2120 3319 verum
2156 3247 2473 3319 iniuriam
2513 3248 2813 3346 facimus
2848 3272 2995 3320 me-

613 3349 897 3425 lioribus
943 3372 1220 3435 eorum,
1278 3353 1335 3421 si
1382 3372 1507 3425 eos
1555 3362 1880 3445 putamus
1933 3359 2010 3422 ut
2054 3372 2313 3442 pueros
2350 3351 2641 3425 ferulam
2677 3355 2990 3448 magistri

552 3474 557 3480 ·
610 3462 1038 3537 metuentes,
1073 3474 1217 3523 non
1253 3477 1474 3531 ausos.
1500 3475 1658 3531 esse
1701 3464 2072 3547 praecepta
2109 3455 2441 3547 migrare,
2480 3456 2537 3527 si
2576 3476 2782 3527 aures
2828 3478 2990 3529 sua-

610 3556 859 3627 derent
895 3557 1166 3627 aliaeve
1203 3557 1504 3633 idoneae
1547 3578 1841 3631 caussae
1884 3559 2278 3641 invitarent,
2321 3568 2395 3628 ut
2428 3560 2788 3633 nominum
2834 3582 2988 3653 pro-

608 3660 918 3752 priorum
955 3681 997 3731 a
1034 3662 1384 3731 communi
1427 3662 1585 3754 lege
1624 3663 1979 3754 exemptio
2015 3672 2137 3732 aut
2172 3662 2625 3733 formularum
2661 3685 2987 3754 quarum·-

609 3762 770 3833 dam
808 3764 1091 3854 antiqua
1129 3765 1538 3835 auctoritate
1578 3766 1918 3836 stabilitus
1956 3787 2146 3835 usus,
2222 3764 2454 3848 Quare
2490 3766 2702 3837 etiam
2739 3788 2983 3838 versus

611 3868 727 3935 39.
762 3867 831 3937 in
870 3866 1130 3960 hymno
1166 3867 1420 3951 Ioviss

914 3969 1273 4066 πρωτίστη
1313 3971 1594 4064 γενεῆφι
1627 3969 1809 4060 μετὰ
1841 3969 2092 4060 Στυγα
2127 3997 2204 4040 τε
2246 3969 2563 4067 Φιλύρηκ
2598 4000 2675 4043 τε

605 4091 748 4145 non
806 4083 915 4143 est
980 4085 1263 4166 propter
1324 4074 1847 4147 insolentiorem
1907 4074 2436 4167 productionem
2498 4077 2796 4169 copulae
2859 4099 2981 4169 pro

602 4175 847 4246 vitioso
886 4174 1274 4247 habendus
1368 4178 1514 4247 Nec
1551 4187 1834 4268 propter
1871 4178 2222 4269 spondeos
2260 4177 2522 4251 Naekio
2560 4201 2703 4251 non
2741 4202 2983 4251 assen-

605 4277 715 4347 tiri
752 4276 1058 4349 debebat
1096 4280 1450 4355 Heckerus
1489 4303 1554 4372 p.
1591 4280 1633 4351 7
1644 4282 1709 4350 6
1744 4279 1921 4350 haec
1957 4282 2203 4365 verba,
2239 4303 2421 4373 quae
2458 4284 2530 4355 in
2565 4283 2853 4355 scholiis
2890 4282 2975 4354 ad

601 4380 789 4453 Iliad.
832 4380 911 4450 V.
963 4380 1132 4455 422.
1181 4392 1258 4455 et
1307 4383 1786 4476 Etymologico
1841 4384 1932 4455 M.
1989 4408 2055 4477 p
2105 4382 2277 4468 547,
2329 4389 2397 4461 6.
2457 4387 2813 4479 leguntur,
2872 4386 2969 4482 ἥτ’

600 4484 819 4580 ἄκρην
854 4490 1033 4561 θῖνα
1059 4486 1131 4554 Γ
1123 4484 1520 4565 λαυκωπιον
1559 4492 1683 4570 ἷζε-ι
1718 4486 1811 4557 ad
1844 4486 2337 4561 Callimachum
2374 4493 2728 4576 Γθίῗθΐθῦῐί,
2768 4510 2973 4583 quum

599 4590 993 4663 nesciamus
1029 4610 1121 4658 an
1159 4610 1403 4660 versus
1442 4591 1574 4664 iste
1610 4589 1766 4662 talis
1805 4592 2035 4663 fuerit:

3248 3292 3273 3587 *n—‚ssi
3268 3278 3269 3283 „
