3328 5326
701 392 824 453 264
1589 386 2190 453 AmsTOPflANES.

1116 579 1383 652 σαυτὸν
1420 582 1717 673 θαρσῶν
1753 577 2273 672 κάπευξάμενος
2298 587 2489 651 τοῖσι
2515 576 2913 676 πατρῴοισι
2946 590 3052 654 θε-

2356 692 2568 755 οῖσιν.
3020 767 3023 772 ,

711 791 845 859 (hl.
1115 783 1168 879 ᾧ
1205 783 1405 859 Λύκε
1442 788 1787 875 δέσποτα,
1836 785 2083 877 γείτων
2118 787 2329 882 ἥρως·
2377 786 2462 858 σὺ
2497 787 2630 882 γὰρ
2671 786 2904 880 οἶςπερ
2939 784 3057 878 ἐγώ

2349 887 2732 985 κεχάρησαι.

1112 1000 1264 1070 τοῖς
1304 990 1720 1088 δακρύοισιν
1764 994 1907 1064 τῶν
1947 991 2349 1086 φευγόντων
2401 994 2508 1064 ἀεὶ
2556 995 2671 1064 καὶ
2714 1000 2868 1072 τοῖς
2920 996 3057 1064 ὀλο-

2353 1104 2688 1192 φυρμοῑς·

708 1198 850 1269 400
1115 1199 1388 1295 ᾤκησας
1451 1202 1624 1290 γοῦν
1685 1200 2004 1296 ἐπίτηδες
2062 1199 2188 1270 ἰών
2237 1201 2545 1286 ε’νταῦθ,
2607 1207 2722 1271 ἵνα
2776 1201 2971 1272 ταῦθ

2349 1305 2655 1399 ἀκροῷο,

1087 1404 1563 1503 ,κάβουλήθης
1611 1405 1838 1499 μόνος
1880 1405 2135 1504 ἥρω’ων
2179 1408 2375 1500 παρὰ
2421 1407 2547 1477 τὸν
2597 1405 2909 1480 κλάοντα
2953 1435 3061 1477 κα-

2345 1511 2656 1606 θῆσθαι·

1110 1614 1396 1708 ἐλέησον
1443 1615 1562 1683 καὶ
1615 1615 1845 1685 σῶσον
1882 1615 2039 1685 νυνὶ
2078 1614 2205 1684 τὸν
2246 1615 2514 1685 σαυτοῦ
2549 1612 3056 1711 πλησιόχωρον·

538 1732 668 1794 p·⁴⁴
1108 1718 1238 1786 κού
1284 1714 1386 1813 μή
1434 1719 1613 1788 ποτέ
1659 1742 1786 1789 σου
1840 1717 2036 1812 παρὰ
2085 1718 2216 1796 τάς
2264 1714 2524 1794 κάννας
2573 1716 2854 1815 οὐρήσω
2904 1718 3058 1814 μηδ’

2191 1880 2194 1883 .
2347 1818 2763 1915 ἀποπάρδω.

873 1923 1048 1993 BA.
1114 1919 1352 2013 οὗτος,
1408 1924 1702 2019 ἐγειᾛρου
1782 1926 1952 1999 ΞΑ.
2007 1923 2084 1993 τί
2130 1923 2216 1994 τὸ
2258 1925 2546 2018 πρᾶγμ’,
2621 1926 2796 1996 BA.
2855 1925 3063 2020 ὥςπερ

1937 2024 2138 2123 φωνή
2174 2029 2268 2118 μέ
2299 2054 2408 2104 τις
2445 2025 2965 2119 ἐγκεκύκλωται.

702 2128 846 2201 405
876 2129 1047 2202 ΞΑ.
1110 2158 1267 2222 μων
1318 2132 1359 2200 ὁ
1410 2133 1628 2226 γέρων
1681 2132 1778 2226 πῇ
1816 2128 2217 2223 διαδύεται,
2258 2133 2447 2201 BA.
2495 2131 2604 2201 οὔ·
2647 2131 2750 2223 μά
2788 2131 2947 2222 Δί,
2991 2132 3065 2201 οὐ

1937 2234 2111 2331 δῆτ’,
2156 2234 2327 2305 ἀλλά
2364 2236 2642 2325 καθιμᾷ

1105 2335 1331 2407 αὑτὸν
1360 2335 1605 2433 δήσας.
1666 2339 1837 2411 EA.
1884 2333 1937 2409 ὦ
1976 2333 2416 2432 μιαρώτατε,
2449 2336 2526 2407 τί
2548 2343 2819 2431 ποιεῖς,
2864 2339 2950 2409 οὐ
2974 2336 3063 2433 μὴ

2347 2437 2773 2537 καταβήσει,

870 2543 1046 2613 BA.
1108 2540 1427 2635 ἀνάβαιν’
1470 2541 1739 2621 ἀνύσας
1773 2542 1953 2614 κατὰ
1988 2544 2118 2639 τὴν
2154 2545 2429 2640 ἑτέραν,
2471 2545 2589 2615 καὶ
2625 2551 2869 2615 ταῖσιν
2909 2549 3065 2638 φυλ-

2342 2645 2507 2719 λάσι
2542 2654 2733 2738 παῖε,

1108 2749 1196 2846 ἦν
1243 2776 1390 2827 πως
1439 2747 1775 2846 πρύμνην
1822 2750 2353 2849 ἀνακρούσηται
2386 2752 2667 2847 πληγεις
2702 2758 2863 2830 ταῖς
2901 2755 3062 2846 εἰρε-

2344 2881 2660 2933 σιωναις.

875 2960 1008 3028 ΦΙ.
1102 2959 1187 3027 οὐ
1259 2953 1670 3050 ξυλλνψεσθ
1754 2954 2088 3030 ὁπόσοισι
2163 2957 2350 3029 δίκαι
2424 2959 2630 3055 τῆτες
2698 2961 3063 3049 μέλλουσιν

2347 3062 2666 3149 ἔσεσθαι,

693 3163 839 3234 410
1107 3160 1161 3234 ὦ
1221 3164 1652 3255 Σμικυθίων
1703 3167 1820 3236 καὶ
1884 3162 2186 3261 Τισιάδη
2236 3167 2353 3237 καὶ
2391 3162 2720 3261 Χρήμων
2772 3167 2894 3265 καὶ
2938 3170 3060 3238 Φε-

2342 3272 2691 3365 ρέδειπνε,
3250 3338 3251 3367 ζ

1098 3366 1276 3440 πότε
1324 3372 1421 3460 δ’,
1481 3373 1549 3441 εἰ
1590 3370 1688 3466 μὴ
1742 3372 1899 3459 νῦν,
1959 3369 2340 3468 ἐπαρήξετέ
2368 3399 2534 3466 μοι,
2590 3371 2761 3465 πρίν
2793 3374 2865 3463 μ’
2908 3376 3060 3443 εἴσω
3250 3402 3251 3463 1

2340 3476 2610 3567 μᾶλλον
2639 3474 2942 3565 ἄγεσθαι
2955 3507 2980 3571 3
3252 3492 3255 3565 Ι

764 3578 942 3646 ΧΟ.
978 3572 1044 3645 α’
1098 3577 1250 3645 εἰπέ
1272 3601 1430 3667 μοι,
1456 3575 1533 3644 τί
1553 3579 1896 3667 μέλλομεν
1925 3584 2141 3648 κινεῖν
2167 3577 2433 3674 ἐκείνην
2453 3579 2584 3675 τήν
2605 3575 2845 3673 χολήν,
2908 3605 3055 3675 στρ.
3252 3586 3253 3593 '

1096 3677 1316 3774 ἥνπερ
1354 3677 1526 3775 ἡνίκ’
1577 3679 1666 3750 ἄν
1702 3706 1814 3756 τις
1848 3680 2052 3776 ἡμῶν
2092 3681 2331 3776 ὀργίσῃ
2372 3681 2504 3777 τήν
2545 3682 2892 3779 σφηκιἀν,·

738 3786 915 3852 ΧΟ.
945 3780 1056 3874 ιγ’.
1101 3784 1232 3853 νῦν
1272 3786 1521 3872 ἐκεῖνο,
1564 3784 1697 3853 νῦν
1733 3788 1953 3854 ἐκεῖνο
1991 3781 2453 3877 τούξύθυμον

688 3884 767 3955 44
788 3888 832 3956 5
1096 3883 1152 3978 ᾧ
1188 3882 1685 3978 κολαξόμεσθα
1720 3890 2014 3982 κέντρον

1095 3993 1467 4061 ἐντέταται
1507 3987 1633 4073 ὀξύ
1671 4018 1795 4082 τῳ.

1096 4093 1267 4165 ἀλλὰ
1300 4090 1670 4184 θαίμάτια
1703 4091 2037 4185 βαλόντες
2075 4096 2168 4173 ὠς
2205 4093 2539 4185 τάχιστα,
2581 4096 2858 4186 παιδία,

1094 4203 1291 4267 θεῖτε
1326 4196 1444 4266 καὶ
1480 4193 1705 4288 (3οάτὲ
1730 4199 1845 4269 καὶ
1884 4200 2163 4270 Κλέωνι
2197 4201 2394 4271 ταῦτ’
2437 4201 2811 4291 ἀγγέλλετε,

3240 2894 3251 2953 ἱ

888 4400 964 4472 V.
1005 4400 1172 4472 405.
1233 4402 1393 4474 Post
1430 4400 1795 4475 διαδύεται
1834 4406 2088 4476 inserui
2129 4405 2240 4476 οὔ.
2856 4497 2861 4503 ⁴

887 4504 964 4575 V.
1002 4503 1172 4576 416.
1247 4507 1640 4599 Legebatur
1675 4508 1977 4579 ἐντέτατ’
2020 4506 2171 4592 ὀξύ.
2262 4509 2518 4602 Scripsi
2557 4511 2763 4603 plene
2799 4507 3050 4581 adieci-

682 4631 820 4701 que
858 4636 984 4701 τῳ.
