3328 5326
566 382 645 442 48
1537 380 1944 442 HESIODUS.

553 572 682 644 sed
732 573 942 643 rebus
993 571 1310 642 inanimis
1348 581 1556 664 atque
1593 572 1799 643 mutis
1834 572 2013 642 haec
2051 571 2260 644 docet
2295 573 2548 644 tributa
2584 572 2936 645 nomina«

555 676 790 747 Potius
833 677 930 746 ita
980 674 1425 748 statuendum
1475 685 1612 760 est,
1653 686 2025 769 propterea
2065 676 2268 747 istam
2306 675 2596 748 deorum
2631 699 2938 769 genera-

555 781 760 865 tionis
797 780 1307 851 enarrationem
1343 800 1501 850 esse
1540 779 1843 873 strophis
1880 777 2292 872 quibusdam
2334 780 2811 873 compositam,
2852 789 2936 852 ut

555 884 758 954 facile
808 883 1027 955 edisci
1076 882 1550 975 memoriaque
1602 881 1822 953 teneri
1874 892 2130 976 posset.
2215 883 2405 976 Opus
2444 894 2550 953 est
2587 883 2768 953 enim
2807 883 2935 954 tali

557 987 1009 1071 adminicu10‚
1065 1009 1279 1078 quum
1331 986 1782 1057 memoranda
1836 996 2034 1070 sunt,
2073 1008 2253 1078 quae
2291 985 2480 1079 quod
2515 989 2933 1080 plerumque

554 1090 734 1161 inter
769 1112 845 1161 se
881 1111 1021 1160 non
1059 1110 1382 1160 connexa
1407 1098 1591 1173 sunt,
1630 1112 1795 1175 non,
1837 1099 1912 1161 ut
1947 1090 2017 1158 in
2053 1082 2283 1160 rerum
2310 1100 2661 1183 gestarum
2688 1111 2939 1160 narra-

555 1194 897 1279 tionibuS,
948 1193 1099 1286 ipsa
1146 1215 1274 1287 per
1319 1214 1395 1263 se
1449 1192 1766 1264 ordinem
1818 1193 2274 1265 dicendorum
2310 1204 2714 1264 monstrant.
2793 1193 2938 1264 Cur

555 1307 784 1392 autem
835 1297 1028 1389 quini
1075 1317 1352 1390 semper
1396 1318 1673 1382 versuS,
1727 1319 1957 1389 neque
2009 1308 2127 1367 aut
2178 1297 2355 1381 bini,
2412 1307 2530 1371 aut
2579 1297 2796 1385 terni,
2851 1308 2935 1369 ut

554 1411 800 1495 postea
826 1400 1132 1493 Gruppio
1152 1401 1450 1494 placuit,
1491 1409 1608 1471 aut
1643 1400 1959 1492 quaterni
1996 1398 2346 1471 coniuncti
2381 1401 2539 1486 sint,
2578 1401 2933 1494 explicavi

433 1506 627 1587 p.⁴in
675 1525 969 1576 censura
1021 1504 1174 1573 libri
1223 1504 1734 1590 Soetbeeriani,
1787 1524 1967 1599 quae
2018 1504 2203 1576 edita
2258 1515 2365 1575 est
2413 1504 2482 1574 in
2529 1504 2743 1574 Iahnii
2777 1503 2935 1573 An-

554 1609 809 1679 nalium
857 1608 999 1678 vol.
1041 1608 1197 1676 XXI
1233 1609 1400 1678 fasc.
1448 1609 1564 1677 ⁴0.
1674 1606 1871 1679 Nunc
1920 1616 1998 1678 ιιι
2050 1607 2140 1677 ad
2189 1607 2390 1677 istam
2444 1608 2766 1678 carminis
2812 1628 2936 1678 ra-

553 1711 811 1781 tionem
849 1700 1269 1804 strophicam
1305 1709 1629 1794 redirem,
1670 1712 2010 1782 excitatus
2047 1732 2200 1782 sum
2238 1710 2308 1780 C.
2344 1711 2735 1804 Goettlingii
2774 1724 2935 1781 01η·-Δ

554 1815 745 1886 ιιίιιιιι
796 1813 1084 1884 Hesiodi
1134 1815 1546 1907 scriptorum
1597 1823 1670 1884 et
1719 1814 1796 1883 D.
1840 1815 1887 1882 Ι.
1927 1814 2259 1908 Lennepii
2296 1815 2734 1908 Theogoniae
2772 1815 2934 1885 edi-

556 1918 878 1989 tionibus.
954 1916 1172 1987 Video
1226 1917 1411 1987 enim
1459 1916 1590 1987 hos
1638 1939 1951 2010 quoque,
2000 1926 2077 1988 ut
2121 1927 2392 1988 ceteros
2429 1940 2603 2010 quos
2640 1917 2929 2013 quidem

554 2021 777 2092 norim
804 2021 994 2091 viros
1031 2021 1278 2091 doctos
1316 2029 1434 2092 aut
1470 2019 1638 2089 nihil
1680 2030 1797 2092 aut
1833 2042 1973 2090 non
2010 2028 2272 2092 tantum
2310 2022 2612 2094 tribuere
2635 2016 2930 2116 Gruppii

553 2125 877 2209 invente,
929 2133 1006 2195 ιιι
1054 2124 1204 2195 eius
1254 2123 1593 2194 rationem
1651 2123 2051 2195 habendam
2103 2133 2367 2218 putent.
2457 2124 2559 2196 Ac
2610 2125 2930 2218 plerique

557 2228 810 2298 acriter
836 2228 1431 2311 contradixerunt,
1464 2226 1775 2297 deterriti
1805 2228 2053 2320 opinor
2080 2228 2351 2299 levitate
2387 2249 2470 2299 ac
2505 2229 2926 2313 temeritate,

555 2350 692 2422 qua
746 2332 997 2401 misere
1050 2330 1352 2423 discerpi
1414 2351 1695 2398 carmen
1751 2330 2104 2401 videbant.
2213 2330 2306 2401 Αι
2355 2332 2556 2403 nimis
2610 2334 2940 2426 profecte·

555 2434 805 2503 mirum
859 2429 939 2502 ac
994 2434 1223 2525 potius
1293 2433 1699 2502 incredibile
1753 2442 1893 2517 est,
1952 2455 2120 2504 casu
2174 2435 2526 2519 evenisse,
2583 2446 2659 2507 ut
2709 2437 2933 2507 multo

556 2535 859 2605 maxima
891 2556 1053 2628 pars
1094 2536 1416 2606 carminis
1448 2535 1894 2608 nitidissimas
1922 2537 2225 2630 quinque
2253 2552 2581 2610 versuum
2610 2538 2933 2633 strophas

556 2639 919 2733 praebeat,
984 2638 1113 2709 inis
1167 2649 1397 2710 autem
1452 2640 1520 2709 in
1574 2640 1782 2726 lociS‚
1837 2640 1957 2712 ubi
2007 2641 2115 2712 vel
2169 2641 2419 2713 deesse
2488 2640 2745 2736 aliquid
2811 2644 2928 2714 isti

554 2763 868 2828 numero,
900 2742 1012 2812 vel
1048 2756 1209 2814 eum
1237 2747 1591 2836 superare,
1630 2745 1744 2814 vel
1782 2745 2001 2815 oratio
2036 2767 2165 2840 per
2199 2744 2374 2818 duas
2409 2748 2729 2841 strophas
2764 2768 2938 2841 per-—

554 2847 825 2940 petuari
862 2835 1202 2932 videatur,
1242 2848 1651 2940 plerumque
1690 2848 1869 2919 adeo
1906 2849 2271 2919 manifesta
2301 2859 2685 2943 appareant
2713 2852 2931 2921 inter-

468 3027 473 3046 ἦ
553 2950 919 3043 polationis
936 2951 1262 3043 vestigia,
1291 2960 1368 3021 ιιι
1394 2951 1716 3022 indicatis
1743 2973 1887 3022 non
1914 2973 2089 3046 opus
2118 2952 2205 3023 sit
2232 2961 2633 3045 argumenta
2661 2955 2930 3042 dicere

553 3053 793 3154 Itaque
838 3076 1052 3148 quum
1103 3054 1239 3124 iam
1291 3064 1510 3125 totum
1551 3071 1832 3126 carmen
1870 3055 1960 3127 ad
1996 3056 2199 3127 istam
2238 3057 2461 3149 legem
2499 3058 2929 3156 strophicam

554 3149 957 3250 explicatius
998 3175 1216 3274 ‘quam
1262 3158 1332 3228 in
1395 3179 1691 3230 censura
1747 3160 1901 3229 libri
1961 3160 2441 3230 Soetbeeriani
2489 3164 2763 3232 factum
2817 3173 2931 3233 est

553 3263 928 3332 exacturus
956 3262 1107 3344 sim
1138 3261 1543 3354 plerumque
1572 3263 1739 3333 satis
1751 3263 2043 3333 habebo
2074 3264 2256 3333 solis
2264 3283 2593 3336 versuum
2620 3266 2938 3352 numeris

551 3364 891 3455 genuinos
936 3385 983 3433 a
1034 3363 1417 3435 subditiciis
1469 3366 1891 3437 discernere.
1967 3366 2170 3452 Quod
2218 3367 2277 3437 si
2328 3368 2588 3460 aliquot
2636 3369 2705 3438 ἰιι
2750 3369 2936 3440 locis

554 3464 925 3537 audaciore
989 3467 1387 3538 coniectura
1432 3490 1613 3563 aopus
1664 3479 1810 3554 est,
1859 3489 2003 3539 non
2052 3478 2221 3563 puto
2276 3493 2695 3564 quemquam
2747 3473 2927 3557 fore,

555 3570 774 3661 quisi
825 3569 1375 3656 consideraverit
1420 3582 1678 3663 quanta
1726 3573 1816 3643 sit
1857 3573 2294 3646 diversarum
2330 3576 2817 3647 recensionum
2855 3577 2929 3647 in

555 3673 954 3766 Theogonia
992 3675 1306 3745 confusio
1347 3695 1428 3743 ac
1466 3676 1869 3768 permixtio,
1909 3683 2349 3770 quantaeque
2385 3680 2678 3772 proinde
2714 3680 2930 3750 etiam

532 3777 645 3866 ,ab
698 3778 1305 3871 interpolator-ibus
1356 3780 1580 3850 factae
1637 3781 2054 3852 mutationes
2103 3791 2178 3851 et
2227 3784 2730 3869 correctioneS‚
2780 3805 2929 3854 non

556 3879 967 3952 confiteatur
998 3882 1262 4000 nullum
1299 3901 1507 3974 posse
1544 3903 1636 3953 ex
1670 3883 1779 3954 his
1830 3884 2048 3955 turbis
2095 3885 2226 3955 nisi
2271 3887 2734 3958 coniectando
2771 3888 2929 3957 exi-

555 3992 699 4052 tum
737 3983 1067 4056 inveniriss
1126 3984 1297 4057 Illud
1333 4007 1496 4058 vero
1536 3996 1922 4059 memoratu
1969 3988 2264 4081 dignum
2306 3999 2442 4074 est,
2491 3990 2677 4083 quod
2716 3991 2930 4061 etiam

555 4085 1133 4179 interpolatores
1148 4081 1591 4183 antiquiores
1645 4101 1874 4176 certe,
1914 4092 2115 4162 istam
2154 4093 2593 4186 stropharum
2633 4096 2930 4165 formam

555 4197 947 4275 tenuerunt,
978 4191 1091 4262 ita
1101 4203 1175 4264 ut
1192 4202 1274 4263 6ι
1298 4199 1465 4264 nota
1493 4194 1708 4265 fuisse
1739 4205 1808 4265 et
1834 4209 1960 4288 pro
1987 4196 2141 4289 lege
2169 4197 2401 4289 poesis
2428 4197 2930 4297 genealogicae

552 4291 786 4364 habita
838 4292 1199 4367 videatur?
1264 4297 1486 4381 Quod
1534 4298 1592 4368 si
1637 4299 1836 4391 quis
1829 4299 2034 4370 dicat
2081 4300 2303 4393 ipsam
2353 4299 2638 4373 istarum
2688 4321 2928 4373 rerum

553 4404 870 4468 naturam
906 4397 999 4467 ita
1034 4400 1250 4485 ferre,
1289 4408 1365 4472 ιιι
1401 4402 1619 4473 oratio
1654 4421 1796 4474 non
1840 4381 2132 4475 liberius·
2153 4403 2360 4489 fluat,
2389 4404 2530 4477 ‘sed
2566 4407 2712 4477 fere
2750 4425 2933 4498 pau-

555 4522 794 4571 corum
844 4523 1168 4573 versuum
1220 4505 1821 4597 complexionibus
1873 4508 2307 4592 absolvatur,
2362 4519 2469 4579 est
2519 4509 2588 4579 id
2641 4509 2930 4601 quidem

555 4603 1116 4691 concedendum,
1155 4616 1521 4702 potestque
1557 4610 1628 4681 in
1666 4632 1913 4682 caussa
1951 4611 2196 4694 fuisse,
2241 4620 2313 4682 ut
2351 4609 2614 4703 aliquot
2649 4634 2938 4706 semper
