3328 5326
445 1838 505 1889 p.
526 1828 623 1875 867

1287 1308 2344 1423 THUOYDIDEA.*>

1678 1606 1985 1614 .————

852 1797 1331 1890 Thucydidem
1382 1796 1739 1867 brevitatis
1791 1795 2020 1868 studio
2060 1796 2272 1866 multa
2323 1817 2567 1866 ausum
2620 1819 2780 1867 esse
2831 1798 3036 1869 inso-

646 1901 897 1973 lentius
936 1901 1172 1971 dicere
1208 1902 1344 1971 iam
1381 1901 1469 1971 ab
1506 1899 1806 1992 antiquis
1844 1911 1951 1970 est
1987 1899 2456 1971 observatum.
2541 1899 2882 1992 Apertum
2924 1912 3037 1972 est

644 2017 878 2077 tamen
932 2006 1001 2073 in
1057 2026 1142 2075 ea
1192 2026 1268 2075 re
1318 2004 1603 2075 modum
1639 2003 2013 2096 quemdam
2051 2001 2429 2073 tenendum
2470 2003 2717 2089 fuisse,
2768 2015 2844 2075 ut
2893 2028 3034 2076 nec

645 2120 906 2180 temere
956 2119 1028 2179 et
1081 2109 1231 2179 sine
1283 2128 1531 2179 caussa
1581 2118 2033 2200 quaereretur
2079 2106 2505 2190 obscuritaS,
2557 2129 2687 2177 nec
2741 2109 3035 2180 soloeca

644 2224 764 2284 aut
801 2233 1133 2305 perversa
1171 2211 1372 2282 fieret
1420 2212 1662 2282 oratio.
1749 2210 2002 2281 Contra
2053 2231 2193 2279 non
2248 2211 2475 2280 minus
2527 2211 3034 2304 vituperandus

642 2328 833 2388 esset
866 2317 1184 2408 scriptor,
1239 2316 1295 2385 si
1334 2325 1669 2386 consueta
1721 2314 2054 2384 brevitate
2091 2313 2186 2382 ita
2225 2313 2607 2399 excideret,
2650 2325 2724 2385 ut
2760 2315 3036 2388 inutilia

641 2421 987 2513 planeque
1026 2419 1116 2489 ad
1154 2440 1300 2489 rem
1336 2439 1479 2488 non
1519 2418 1931 2511 pertinentia
1960 2418 2318 2488 insereret.
2379 2418 2583 2501 Quod
2612 2419 2670 2488 si
2699 2431 3035 2491 neutrum

637 2545 687 2593 a
723 2523 874 2593 viro
914 2533 1051 2592 tam
1091 2522 1471 2614 prudenter
1528 2521 1970 2612 cogitateque
2025 2521 2376 2592 scribente
2428 2521 2812 2594 admissum
2869 2546 3032 2594 esse

637 2625 981 2697 credibile
1020 2633 1148 2710 est,
1188 2646 1328 2696 non
1355 2624 1632 2696 videtur
1664 2623 1965 2695 dubitari
2002 2645 2214 2717 posse
2251 2624 2415 2718 quin
2457 2635 2751 2718 utroque
2790 2626 2857 2698 in
2899 2649 3033 2722 ge-

645 2751 814 2800 nere
852 2728 1111 2820 aliquid
1149 2729 1259 2798 vel
1291 2727 1587 2798 mendae
1619 2729 1732 2798 vel
1760 2728 2014 2798 erroris
2043 2729 2272 2799 lateat.
2336 2729 2472 2800 Sed
2504 2753 2718 2821 quum
2749 2732 3030 2825 Thucy-

638 2833 827 2904 didis
864 2832 1037 2902 liber
1073 2831 1425 2923 aliquanto
1464 2832 1689 2902 minus
1728 2831 2105 2902 mendosus
2142 2854 2351 2925 quam
2388 2833 2677 2903 aliorum
2719 2834 3028 2907 Graeco-

587 2932 597 2939 ’
643 2960 798 3008 rum
834 2937 1091 3030 scripta
1129 2936 1215 3006 ad
1256 2957 1384 3006 nos
1421 2936 1845 3029 pervenerit,
1879 2935 2189 3027 religioni
2220 2937 2348 3006 sibi
2380 2936 2665 3008 duxisse
2701 2938 3028 3011 videntur

642 3042 955 3135 plerique
1010 3039 1132 3132 qui
1181 3062 1343 3111 eum
1389 3050 1772 3111 tractarunt
1826 3039 2178 3132 corrigere
2243 3061 2420 3131 quae
2484 3051 2601 3110 aut
2652 3063 3026 3136 perperam

635 3145 831 3216 dicta
885 3154 1003 3215 aut
1052 3144 1141 3213 ab
1197 3166 1325 3216 usu
1371 3144 1726 3237 scriptoris
1765 3142 1996 3213 aliena
2033 3142 2665 3236 deprehenderent,
2708 3146 3027 3217 obscuri-

643 3250 800 3320 tatis
853 3249 967 3318 vel
1020 3248 1343 3318 licentiae
1393 3257 1753 3340 praetextu
1805 3247 2212 3322 excusanda
2262 3247 2390 3317 rati
2429 3248 2637 3318 etiam
2673 3271 2863 3341 quae
2898 3250 3025 3320 de-

644 3352 835 3422 fendi
863 3362 1238 3441 nequeunt..
1281 3351 1634 3421 Liberiore
1673 3351 1930 3422 iudicio
1969 3351 2037 3418 in
2077 3350 2180 3420 his
2221 3351 2429 3422 rebus
2466 3352 2839 3424 novissime
2877 3355 3015 3425 duo

636 3455 905 3547 egregii
942 3454 1073 3524 viri
1113 3454 1216 3524 usi
1253 3465 1448 3538 sunt,
1502 3455 1607 3523 Fr.
1652 3455 1944 3526 Haasius
1983 3454 2051 3523 in
2091 3454 2710 3527 Lucubrationibus
2750 3457 3020 3550 Thucy-

637 3558 851 3629 didiis
881 3567 952 3627 et
977 3556 1216 3626 Franc.
1252 3557 1445 3649 Volg.
1483 3557 1770 3628 Ullricus
1800 3558 1867 3626 in
1898 3558 2228 3650 symbolis
2256 3559 2345 3628 ad
2377 3559 3016 3651 interpretationem

644 3659 1091 3754 Thucydidis,
1131 3660 1460 3751 quoniam
1498 3662 1671 3729 alter
1706 3683 1850 3731 non
1888 3682 2107 3754 pauca
2145 3672 2347 3733 acute
2385 3663 2808 3748 emendavit,
2849 3667 3016 3734 alter

635 3777 877 3837 autem
911 3786 1052 3834 non
1082 3763 1312 3834 omnia
1341 3763 1776 3833 continenter
1804 3787 1845 3834 a
1874 3765 2280 3857 Thucydide
2319 3766 2570 3858 scripta
2599 3788 2759 3838 esse
2789 3780 3020 3838 ost-en-

643 3868 774 3953 dit,
836 3870 947 3940 cui
1000 3868 1098 3936 rei
1150 3867 1315 3936 illud
1375 3888 1653 3958 quoque
1706 3866 1915 3938 fidem
1953 3870 2154 3954 facit,
2194 3868 2383 3960 quod
2423 3870 2734 3941 ultimum
2771 3872 3017 3941 librum

645 3971 780 4042 filia
834 3970 1257 4064 Thucydidis
1310 3970 1788 4063 composuisse
1842 3971 2029 4042 dicta
2084 3982 2212 4042 est.
2313 3972 2499 4042 Haec
2551 3973 3015 4044 consideranti

648 4076 845 4144 facile
883 4073 1215 4167 suspicari
1258 4073 1515 4159 licebit,
1557 4074 1691 4144 alia
1730 4075 1818 4144 ab
1857 4075 2191 4159 librariis,
2235 4085 2304 4145 et
2339 4077 2684 4167 quaedam
2725 4080 3011 4147 fortasse

636 4178 1116 4269 antiquissimo
1169 4188 1522 4271 tempore,
1578 4189 1866 4271 peccata
1920 4200 2111 4263 esse3
2183 4178 2350 4266 alia,
2416 4189 2489 4250 ut
2558 4181 2626 4249 in
2680 4182 3008 4274 scriptore

645 4280 929 4365 difficili,
970 4281 1366 4374 explicandi
1403 4303 1651 4352 caussa
1689 4302 1845 4351 esse
1894 4282 2200 4366 adiecta;
2253 4283 2384 4352 alia
2437 4282 2740 4376 denique
2792 4286 3005 4378 ipsum

634 4384 1144 4477 Thucydidem,
1184 4384 1243 4454 si
1283 4385 1417 4454 vita
1460 4385 1901 4477 suppetisset,
1941 4395 2361 4456 mutaturum
2401 4386 2635 4458 fuisse.

816 4585 869 4668 *)
910 4585 1194 4664 Philolog.
1233 4588 1277 4647 I.
1324 4585 1532 4670 (⁴846)
1571 4608 1635 4669 p.
1675 4587 1797 4649 367
1831 4608 1926 4669 sq.
