3328 5326
1178 372 1654 438 AESCHYLUS.
2503 379 2525 436 l
2544 378 2622 438 45

251 567 350 636 illa
383 566 903 637 accuratissime
938 565 1467 659 admirabilique
1508 590 1669 639 cum
1707 578 2043 661 apparatu
2073 567 2441 639 doctrinae
2480 568 2625 640 dis·-

248 669 461 753 seruit,
501 670 630 740 sed
681 669 899 740 etiam
947 671 1098 763 ipse
1150 672 1541 765 composuit
1578 671 2069 743 Prometheum
2112 671 2441 755 solutum,
2481 696 2621 744 non

246 794 367 865 quo
399 774 599 865 quasi
644 775 1016 845 restituere
1061 785 1434 845 conaretur
1481 776 1941 868 tragoediam,
1982 796 2192 867 quam
2230 776 2621 868 Aeschylus

247 878 360 947 isto
395 878 594 948 titulo
631 898 799 947 cum
832 878 1247 949 Prometheo
1284 879 1521 949 vincto
1558 879 2066 964 coniunxisset,
2108 878 2234 950 sed
2275 890 2350 949 ut
2387 889 2622 950 osten—

248 980 448 1064 deret,
487 1001 626 1097 qua
664 980 779 1051 ille
818 982 1086 1052 ratione
1124 982 1501 1053 conciliare
1538 984 1722 1052 inter
1757 1005 1835 1053 se
1873 1004 1957 1053 ea
1996 982 2249 1075 quibus
2309 1005 2621 1076 pugnare

249 1104 466 1155 secum
501 1084 696 1156 visus
732 1096 922 1155 esset
960 1079 1277 1178 potuerit.
1348 1085 1631 1160 Sciebat
1668 1096 1925 1170 autem,
1963 1086 2305 1178 dixitque,
2347 1087 2621 1157 dissen-

248 1210 425 1259 suros
463 1188 552 1259 ab
592 1210 670 1259 se
707 1209 867 1260 esse
903 1199 976 1259 et
1010 1210 1157 1273 e08,
1197 1191 1316 1281 qui
1353 1200 1631 1260 veteres
1668 1189 1980 1260 Graecos
2032 1199 2108 1259 ut
2159 1189 2621 1262 adversantes

249 1292 619 1408 praeceptis
657 1293 1061 1364 Christianis
1097 1293 1651 1364 contemnendos
1705 1302 2105 1375 censerent
2159 1303 2230 1363 et
2275 1293 2452 1378 illos,
2502 1295 2621 1386 qui

246 1396 370 1467 suis
396 1396 814 1488 quibusdam
840 1397 1285 1491 opinionibus
1314 1396 1673 1469 constricti
1704 1419 1946 1469 aurem
1973 1396 2316 1490 praebere
2354 1398 2622 1467 nollent

246 1500 631 1571 verioribus.
729 1501 902 1571 Sunt
954 1502 1022 1570 hi
1075 1522 1245 1571 sane
1297 1500 1772 1595 vituperandi,
1832 1502 1891 1572 si
1951 1501 2317 1594 opiniones
2377 1522 2619 1573 eorum

249 1604 442 1673 salsae
478 1614 670 1675 sunt:
727 1604 898 1696 quid
934 1614 1191 1688 autem,
1235 1605 1293 1675 si
1330 1607 1592 1676 verae‘?
1641 1626 1806 1675 nam
1857 1626 2001 1676 non
2052 1606 2276 1697 magis
2325 1605 2619 1676 liberum
2639 1617 2741 1679 ΡΛ

249 1706 559 1777 iudicium
596 1717 705 1777 est
740 1709 952 1778 animi
988 1709 1182 1779 novis
1220 1709 1487 1802 placitis
1525 1709 1734 1802 capti,
1774 1730 1984 1800 quam
2028 1709 2329 1779 tenentis
2359 1697 2453 1777 'ac
2491 1708 2619 1780 de—

249 1810 573 1881 fendentis
601 1821 863 1882 vetera.
924 1812 1153 1904 Atque
1190 1812 1449 1882 exstitit
1477 1812 1694 1883 iudex
1728 1814 1983 1883 nullius
2012 1813 2224 1905 partis
2264 1813 2619 1883 studiosus

249 1913 436 1985 lulius
487 1914 779 2000 Caesar,
833 1916 951 2007 qui
1006 1917 1075 1985 in
1125 1915 1402 1988 Diurnis
1455 1916 1863 2009 antiquariis
1926 1916 2133 1988 huius
2193 1915 2356 1986 anni
2413 1917 2620 1986 fasci-

248 2019 390 2087 culo
433 2018 535 2088 IV.
579 2028 721 2088 tam
768 2020 1274 2112 circumspecte
1325 2019 1909 2112 considerateque
1961 2020 2301 2091 adversus
2355 2020 2621 2091 Schoe-

248 2123 462 2191 manni
513 2123 929 2193 sententiam
984 2122 1389 2215 disputavit,
1445 2124 1511 2193 ei
1563 2134 1639 2194 ut
1691 2145 1824 2216 ego
1861 2123 2145 2216 quidem
2184 2124 2467 2194 omnino
2506 2146 2620 2195 as-

248 2224 670 2297 sentiendum
718 2227 1133 2296 existimem.
1226 2226 1365 2297 Sed
1418 2228 1749 2318 quoniam
1801 2228 1990 2298 illum
2046 2228 2436 2297 summatim
2489 2228 2616 2297 ista

250 2327 690 2400 disserentem
719 2330 1065 2423 quaedam
1105 2332 1426 2402 consulto
1464 2331 1886 2423 praeterisse
1922 2330 2158 2414 video,
2197 2352 2338 2400 non
2378 2331 2619 2401 inutile

251 2433 439 2503 fuerit
465 2455 784 2506 caussam
822 2435 1002 2504 illam
1043 2435 1278 2506 denuo
1305 2434 1547 2527 paucis
1584 2455 2041 2526 cognoscere,
2081 2456 2171 2504 ne
2207 2435 2616 2504 immeritam

254 2535 507 2606 laudem
528 2538 881 2629 Aeschylo
911 2538 1295 2609 tribuentes
1325 2537 1700 2631 eripiamus
1730 2538 2010 2609 laudem
2041 2538 2377 2608 meritam.
2427 2538 2622 2608 Patet

257 2651 465 2711 autem
501 2641 642 2713 duo
683 2642 886 2714 huius
931 2642 1417 2736 disputationis
1456 2643 1685 2736 capita
1724 2663 1904 2727 esse,
1949 2663 2182 2726 unum,
2226 2663 2365 2734 quo
2404 2663 2622 2735 quae·-

258 2754 424 2816 ratur
481 2756 768 2817 rectene
831 2747 1209 2818 iudicatum
1265 2747 1352 2817 sit
1404 2746 1494 2817 de
1546 2748 1629 2817 iis
1685 2768 1866 2839 quae
1919 2745 2285 2816 offensioni
2338 2767 2495 2816 esse
2551 2747 2619 2815 in

259 2849 556 2943 Aeschyli
611 2850 970 2943 tragoedia
1018 2851 1169 2921 visa
1222 2851 1387 2934 sint3
1448 2851 1765 2934 alterum,
1806 2871 1945 2942 quo
1985 2849 2491 2932 consideretur,
2531 2871 2617 2920 an

260 2953 439 3023 soluti
487 2953 879 3024 Promethei
946 2955 1083 3023 tale
1146 2954 1446 3047 potuerit
1505 2955 1713 3045 quale
1776 2953 2209 3046 propositum
2261 2963 2370 3022 est
2414 2975 2622 3046 argu-

260 3067 540 3128 mentum
578 3079 757 3128 esse.

444 3161 541 3230 Ac
594 3183 837 3232 verum
887 3160 1169 3253 quidem
1222 3170 1329 3230 est
1376 3159 1562 3252 quod
1605 3183 1671 3253 p.
1711 3162 1828 3230 ⁴3.
1862 3158 2031 3229 dicit
2069 3158 2617 3243 SchoemannuS,

266 3282 383 3332 non
417 3264 674 3336 debere
710 3265 1140 3358 tragoediam
1180 3284 1491 3357 pugnare
1528 3285 1689 3334 cum
1737 3263 2070 3355 religione
2107 3264 2443 3356 populari,
2485 3285 2619 3332 nec

269 3387 423 3454 quae
470 3379 708 3439 sancta
746 3378 820 3438 et
853 3368 1280 3438 venerabilia
1332 3369 1469 3438 sint
1520 3368 1796 3460 privare
1846 3367 1963 3436 illa
2001 3367 2374 3437 sanctitate
2411 3376 2620 3458 atque

273 3467 328 3537 in
358 3482 816 3566 contemptum
860 3472 1252 3543 adducere:
1304 3471 1431 3542 sed
1468 3471 1660 3562 quod
1697 3471 1928 3541 statim
1967 3469 2183 3554 addit,
2225 3491 2364 3541 non
2401 3471 2622 3562 magis

271 3569 450 3646 licere
484 3590 733 3670 poetae
762 3577 1028 3669 tragico
1060 3576 1295 3646 lovem
1332 3586 1408 3646 ut
1444 3575 1607 3645 odio
1641 3575 1928 3667 dignum
1958 3584 2328 3668 tyrannum
2356 3573 2621 3666 fingere

275 3697 449 3765 quam
477 3681 806 3752 statuario
846 3681 912 3748 in
951 3679 1208 3772 templo
1245 3679 1517 3772 signum
1546 3679 1729 3749 Iovis
1768 3680 1988 3750 forma
2027 3679 2238 3771 satyri
2278 3687 2398 3748 aut
2421 3678 2617 3748 vultu

280 3781 558 3854 malevoli
595 3783 962 3855 daemonis
1001 3804 1294 3876 ponere,
1348 3804 1481 3852 nec
1536 3794 1728 3853 recte
1767 3792 1838 3852 et
1874 3781 2193 3875 cupidius
2240 3780 2618 3852 iudicatum

280 3882 532 3958 videtur.
591 3888 746 3959 Non
783 3889 966 3958 enim
1005 3887 1392 3980 comparari
1430 3888 1609 3955 inter
1646 3908 1723 3956 se
1762 3887 1892 3955 ista
1929 3896 2245 3977 possunt,
2286 3884 2448 3976 quia
2483 3906 2619 3954 nec

284 3984 507 4060 ridiculi
551 3992 931 4084 quidquam
974 3992 1045 4060 in
1081 3989 1453 4083 Aeschylei
1502 3990 1685 4060 Iovis
1731 4010 2054 4083 persona,
2110 3998 2184 4059 ut
2235 3989 2304 4058 in
2358 3998 2618 4081 satyro),

283 4107 386 4159 nec
427 4097 595 4179 tetri,
637 4107 711 4167 ut
748 4096 817 4165 in
856 4096 1198 4166 malevolo
1255 4094 1622 4177 daemone,
1674 4093 2039 4164 invenitur.
2129 4091 2335 4176 Quod
2386 4103 2621 4162 autem

288 4212 334 4280 p.
360 4193 457 4264 44.
488 4199 598 4282 ait,
629 4199 965 4292 quidquid
1005 4197 1453 4269 defendendo
1483 4197 1832 4290 Aeschylo
1862 4196 2209 4279 afferatur,
2239 4218 2380 4267 non
2411 4218 2621 4289 posse

287 4313 534 4389 magnae
568 4302 973 4373 temeritatis
1006 4302 1279 4394 culpam
1311 4301 1400 4372 ab
1428 4322 1514 4372 eo
1544 4301 1788 4385 averti,
1822 4302 1877 4370 si
1916 4301 1985 4369 in
2026 4322 2298 4371 summo
2327 4299 2620 4370 deorum

289 4406 633 4495 exemplum
687 4407 1166 4499 proposuisset
1212 4426 1479 4476 morum
1516 4405 1900 4498 pravitatiS,
1941 4403 2011 4473 id
2052 4403 2476 4475 documento
2516 4412 2627 4471 est

291 4499 449 4573 aliter
480 4529 631 4578 eum
669 4511 761 4580 de
798 4510 1029 4579 animo
1068 4508 1247 4578 lovis
1284 4529 1493 4599 quam
1531 4508 1957 4601 Aeschylum
1996 4509 2278 4592 sentire,
2317 4508 2433 4599 qui
2479 4526 2621 4574 non

295 4611 514 4691 putavit
547 4634 619 4682 se
657 4613 917 4705 aliquid
954 4613 1046 4683 de
1083 4612 1444 4682 maiestate
1481 4613 1653 4683 Iovis
1707 4611 2099 4683 detrahere.
2187 4611 2625 4701 Componere

363 4721 528 4788 Hnnu.
562 4729 669 4790 ΟΡ.
698 4732 850 4791 Vm.
2155 4730 2204 4789 K
