3328 5326
1013 372 1117 435 An
1148 375 1467 438 opusne.
1514 375 1731 438 von..
1765 377 2005 440 μνη.
2451 424 2456 433 .
2631 382 2694 473 ρ

198 635 206 641 ,
314 587 391 657 p.
434 544 589 636 276
626 565 758 634 col.
806 568 833 634 4
880 565 1066 636 inter
1102 566 1215 636 lin.
1260 569 1355 639 25
1396 578 1466 637 et
1502 570 1601 641 26
1638 568 2006 643 msestum:
2066 567 2407 641 Hierocles
2445 568 2646 642 CCV.

315 690 387 760 p.
435 667 586 739 277
628 670 760 842 (bol.
810 672 836 738 4
889 669 1067 739 inter
1120 670 1232 740 lin.
1291 672 1385 743 32
1436 680 1507 741 et
1557 674 1651 742 33
1708 672 2078 745 insertum.
2153 669 2700 746 Sanchemiathon

318 793 717 946 ih.c<1›⁹1.2
801 875 976 946 infra
1032 898 1397 948 numerum
1468 876 1615 949 445
1689 879 1996 1005 mseriori
2068 880 2358 973 margini
2428 880 2695 952 adscu-

533 969 772 1049 204*

1218 1195 1403 1276 Vol..
1444 1196 1548 1277 Ἡ.
1619 1206 1689 1275 Ρ.
1732 1207 1806 1275 II.

320 1396 388 1466 p.
441 1371 537 1442 48
578 1373 619 1441 1.
664 1374 759 1445 25
797 1384 958 1468 post
990 1374 1121 1466 βὰς
1158 1375 1446 1446 inseruit
1475 1377 1537 1447 ὁ.

320 1477 415 1546 ib.
461 1476 552 1546 ib.
595 1498 720 1569 pro
758 1476 1004 1554 ἀτίτας
1041 1478 1348 1572 scripsit:
1409 1480 1742 1557 ἄτιτος.

322 1603 395 1673 p.
442 1580 660 1751 8313.
665 1577 757 1651 27
801 1580 1066 1652 adscr..
1053 1607 1067 1620 ·
1125 1580 1318 1652 Auch
1356 1580 1610 1655 Lobeck
1644 1577 1719 1655 2.
1760 1581 1957 1655 Aiax.
1991 1608 2062 1679 Ρ.
2104 1578 2287 1669 383,
2342 1583 2499 1656 aber
2536 1582 2703 1656 elme

599 1682 694 1753 eis
742 1682 851 1753 iel.

317 1809 391 1879 p.
443 1788 588 1859 428
629 1707 1094 1880 inpsuperiore
1130 1810 1344 1881 marg.
1388 1790 1655 1860 adscu:
1698 1790 1965 1862 Aristot.
2003 1786 2196 1861 Polit.
2223 1785 2447 1862 111.3.
2484 1814 2555 1885 Ρ.
2574 1785 2703 1876 62,

537 1882 644 1960 25
679 1890 779 1960 ed.
820 1890 980 1961 min.
1015 1888 1215 1961 Bekk.
1261 1892 1537 1987 ὥσπερ
1572 1920 1660 1984 γε
1696 1893 1840 1965 καὶ
1875 1893 2173 2018 7509on
2184 1894 2328 1965 ὁτὲ
2360 1894 2514 1985 μὲν
2548 1922 2705 1965 κω-

537 1989 845 2084 μικόν,
916 1993 1061 2064 ὁτὲ
1123 1994 1211 2065 δὲ
1271 1994 1691 2089 τραγικὸν
1753 2001 2049 2092 ἕτερον
2096 1993 2335 2067 εἶναί
2382 2025 2699 2089 φαμεν,

538 2097 708 2166 τῶν
745 2097 1029 2167 αὐτῶν
1065 2096 1478 2175 πολλάκις
1515 2094 1996 2193 ἀνθρώπων
2035 2100 2352 2170 ὄντων.

319 2223 400 2294 p.
446 2198 590 2271 247
631 2200 847 2273 6012
902 2199 1162 2376 izlfine
1213 2200 1392 2270 inter
1433 2199 1804 2297 χαρώνειοι
1854 2206 1955 2273 κλ.
2013 2212 2083 2272 et
2137 2205 2337 2298 χρέος
2381 2203 2701 2274 inseruit:

538 2303 738 2391 χλοῦ
757 2329 839 2373 vc
860 2329 888 2380 ς

1340 2552 1525 2635 vol..
1568 2555 1699 2635 1111.

322 2760 404 2830 p.
450 2737 493 2805 5
532 2735 570 2803 l.
619 2734 710 2805 47
751 2735 1012 2805 ἃάεοικε
1073 2733 1329 2807 zweiter
1364 2733 1651 2840 Anhany
1695 2731 1766 2804 S.
1808 2729 1935 2808 39.

322 2864 400 2934 p.
451 2837 590 2908 434
632 2840 671 2908 1.
719 2841 812 2909 ’18
851 2837 1163 2909 ποικίλον
1200 2822 1506 2910 correxi't
1543 2841 1644 2909 in:
1703 2837 2137 2910 ποικίλων.

322 2967 398 3037 p.
451 2944 592 3013 493
632 2943 673 3012 1.
717 2943 813 3015 23
855 2942 1072 3012 verbo
1116 2940 1326 3033 Λάξῳ
1365 2942 1632 3013 adscra
1691 2941 1907 3025 λάξω
1944 2942 2084 3014 cod.

323 3071 399 3141 p.
447 3046 578 3117 294
632 3047 676 3115 l.
709 3046 806 3120 22
845 3045 1109 3124 adscr.:
1171 3043 1448 3116 Meinek.
1490 3045 1689 3117 Anal.
1733 3041 1924 3116 Alex.
1957 3070 2029 3141 Ρ.
2072 3039 2253 3119 161.

322 3174 398 3245 p.
447 3150 590 3221 320
629 3150 698 3218 in
731 3148 1060 3219 inferiore
1112 3170 1326 3241 marg.
1383 3149 1649 3221 adscr.:
1710 3148 2038 3242 Opuscoli
2073 3149 2326 3221 eruditi
2365 3150 2584 3219 Latini
2620 3150 2712 3220 ed

538 3253 798 3323 Italiani
834 3252 948 3322 del
985 3253 1055 3322 P.
1082 3252 1170 3321 M.
1195 3251 1545 3346 Giuseppe
1573 3252 2003 3345 Allegranza.
2066 3253 2450 3323 Craemoua
2483 3252 2707 3324 4784.

547 3354 612 3426 4.
703 3356 778 3425 In
827 3377 913 3425 eo
965 3356 1140 3426 libro
1190 3379 1254 3449 p.
1300 3357 1694 3430 203-244
1760 3366 1899 3426 est:
1959 3356 2122 3428 delli
2169 3356 2413 3440 Palici,
2474 3356 2546 3428 di
2600 3353 2712 3428 un’

544 3460 771 3530 antica
819 3459 1176 3544 Palermo,
1227 3480 1268 3529 e
1313 3460 1495 3530 della
1550 3460 1769 3552 patria
1821 3459 1893 3531 di
1946 3460 2011 3530 S.
2055 3462 2276 3553 Agata
2338 3460 2409 3528 in
2460 3460 2710 3538 Sicilia.

542 3564 641 3633 Ibi
691 3562 1107 3634 describitur
1169 3563 1454 3655 copiose
1517 3564 1712 3634 locus
1774 3562 1890 3634 ille
1953 3564 2177 3655 qualis
2242 3574 2388 3634 tum
2438 3574 2591 3633 erat
2644 3572 2715 3633 et

540 3677 808 3738 antrum
847 3666 1145 3736 Thaliae.
1244 3666 1504 3738 Citatur
1541 3667 1961 3751 Boccacius‚
2016 3668 2134 3759 qui
2188 3667 2257 3736 in
2293 3666 2716 3757 Genealogia

539 3771 828 3841 deorum
867 3770 943 3839 II.
987 3791 1048 3839 c.
1096 3772 1188 3841 40
1244 3780 1528 3842 auctore
1576 3767 2009 3841 Theodontio
2061 3769 2151 3841 de
2202 3770 2446 3839 Palicis
2496 3779 2717 3840 rettu-

539 3875 634 3943 lit.
710 3873 959 3943 Exstat
994 3872 1169 3943 liber
1206 3873 1273 3941 in
1312 3874 1476 3943 bibl.
1517 3873 1974 3966 Gottiugensi.
2052 3871 2548 3967 (Theodontius
2585 3873 2717 3944 iste

8 4027 11 4072 ,
539 3977 866 4048 Leontius
906 3985 1013 4047 est
1052 3977 1120 4046 in
1156 3977 1356 4048 Bodii
1393 3976 1969 4071 mythographis.)

8 4075 11 4156 Ι
317 4106 392 4177 ρ.
442 4080 594 4155 324
649 4081 718 4149 in
782 4080 1140 4172 superiore
1203 4102 1417 4173 marg.
1476 4081 1745 4152 adscr..
1731 4106 1744 4120 ·
1839 4078 1936 4151 Es
1996 4079 2178 4151 seien
2242 4075 2716 4173 Stilckyiesser‚

10 4181 11 4200 ³
541 4182 782 4254 welche
819 4182 926 4254 die
967 4180 1198 4266 Form‚
1237 4183 1311 4254 in
1348 4183 1466 4254 der
1501 4183 1609 4255 die
1650 4181 1832 4254 Frau
1868 4207 1991 4254 aas
2031 4181 2169 4252 Erz
2203 4204 2514 4278 qeqossen
2548 4205 2721 4253 wor-

544 4287 703 4372 den
749 4294 1259 4357 zertrummern:
1316 4286 1529 4358 damit
1578 4309 1662 4356 zu
1702 4284 2114 4382 verqleichen
2151 4285 2259 4356 die
2293 4282 2581 4356 Schaale
2618 4283 2723 4356 bei

547 4388 889 4460 Gerhard:
955 4387 1470 4460 Trinkschaalen
1508 4389 1622 4461 des
1657 4388 1901 4484 koniql.
1947 4387 2285 4460 Museums
2334 4397 2377 4458 t.
2420 4381 2719 4472 1215

544 4492 686 4563 und
720 4488 1067 4587 Panoska:
1103 4490 1338 4563 Bilder
1372 4492 1639 4564 antiken
1678 4489 1929 4564 Lebens
1966 4501 2009 4563 t.
2045 4487 2099 4567 8
2133 4516 2198 4563 n.
2233 4487 2309 4564 5.
2367 4489 2450 4562 A.
2476 4489 2721 4561 Fener-

547 4593 773 4667 bach
747 4619 842 4667 tm
877 4593 1256 4666 Kumtblatt
1282 4589 1516 4669 1845.
1556 4620 1623 4667 π.
1655 4590 1787 4669 37.
