3328 5326
739 377 809 438 34
827 378 863 436 6
1674 373 2176 435 THEOCRITUS.

749 567 1037 638 Mullero
1073 567 1143 635 in
1180 565 1620 637 Doriensium
1656 564 1794 635 vol.
1837 565 1913 633 Il.
1956 587 2021 658 p.
2069 563 2215 634 477
2254 564 2541 657 placuit,
2583 573 2740 656 post
2776 562 3085 656 Olympia-

747 669 910 741 dem
946 669 1273 740 XXXVII.
1316 667 1482 754 sed,
1537 678 1614 739 ut
1666 668 2064 738 Hermanno
2119 668 2323 738 Ulrici
2376 668 2445 737 in
2482 667 2780 737 Historia
2817 665 3086 736 Graecae

747 774 982 867 poesis
1020 772 1154 843 vol.
1189 772 1236 841 Ι.
1268 794 1337 865 p.
1376 771 1521 842 495
1563 792 1704 841 non
1744 771 2313 864 improbabilibus
2349 770 2671 862 quidem,
2721 770 2850 841 sed
2895 780 3088 840 tamen

748 875 938 948 haud
1001 876 1171 946 satis
1242 873 1457 945 firmis
1523 874 1950 967 argumentis
2004 874 2231 944 visum
2285 882 2429 959 est,
2501 873 2659 944 LIII.
2720 873 3091 967 Olympiade

751 980 1068 1051 floruisse
1122 988 1355 1072 putet,
1396 988 1633 1049 tamen
1671 978 2023 1070 aliquanto
2062 999 2223 1049 eum
2259 977 2646 1070 antiquiore
2686 975 2963 1048 dicendi
2993 998 3091 1069 ge-

748 1104 942 1168 nere,
981 1103 1192 1174 quam
1226 1103 1366 1174 quo
1394 1081 1882 1153 Theocriteum
1911 1101 2192 1151 carmen
2221 1082 2554 1175 scriptum
2581 1089 2711 1165 est,
2740 1102 2942 1152 usum
2966 1102 3094 1150 esse

748 1186 1076 1280 oportuit.
1159 1183 1367 1256 Aliud
1404 1193 1889 1278 argumentum
1927 1205 1967 1254 a
2001 1185 2345 1255 brevitate
2382 1184 2763 1255 Heracleae
2802 1184 2975 1256 illius
3006 1204 3095 1253 re-

748 1290 889 1384 peti
927 1297 1187 1383 posset,
1226 1289 1285 1359 si
1321 1298 1514 1358 recte
1553 1288 1742 1381 apud
1780 1286 2062 1359 Suidam
2101 1288 2430 1381 scriptum
2471 1296 2681 1372 esset,
2723 1309 2814 1357 ex
2852 1287 3091 1358 duobus

749 1414 904 1464 eam
931 1393 1119 1463 libris
1147 1392 1576 1462 constitisse.
1610 1393 1888 1463 fuerunt
1914 1391 2032 1475 illi,
2063 1391 2302 1474 cred0,
2331 1412 2622 1462 numero
2651 1391 2795 1461 XII.
2853 1391 3091 1462 Eodem

748 1517 982 1567 errore
1020 1494 1289 1565 Rhiano
1326 1495 1513 1588 apud
1539 1495 1824 1566 Suidam
1850 1494 1956 1566 IV.
1989 1494 2144 1564 libri
2181 1495 2564 1565 Heracleae
2599 1516 2729 1588 pro
2757 1494 2928 1563 XIV.
2959 1502 3091 1565 sunt
3234 1537 3235 1608 1

746 1600 1001 1671 tributi.
1086 1598 1321 1669 Paullo
1370 1598 1795 1692 probabilior
1830 1597 2103 1669 illorum
2139 1597 2417 1669 videtur
2468 1598 2702 1692 opinio
2759 1619 2947 1683 esse,
2999 1597 3092 1689 qui
3234 1617 3235 1638 ¹

747 1703 1096 1773 Theocriti
1148 1722 1428 1772 carmen
1472 1700 1560 1772 ad
1599 1701 1938 1794 Panyasin
1977 1709 2334 1771 auctorem
2374 1703 2706 1785 referunt,
2749 1701 2943 1772 cuius
2978 1702 3092 1771 He·

749 1808 974 1878 raclea
1012 1806 1226 1875 libros
1260 1805 1500 1877 habuit
1535 1805 1708 1890 XIV,
1740 1826 2070 1875 versuum
2107 1814 2338 1876 autem
2375 1826 2623 1875 novem
2658 1805 2898 1874 millia:
2936 1815 3009 1876 ut
3041 1805 3093 1872 in

747 1909 1032 2002 singulis
1084 1908 1273 1979 libris
1325 1930 1568 1980 versus
1624 1909 1875 1979 fuerint
1912 1907 2186 1978 circiter
2222 1908 2560 1978 DCXLlV.
2654 1907 2884 2001 Atque
2936 1908 3093 1980 hunc

746 2011 1029 2105 quidem
1073 2012 1485 2105 scriptorem
1531 2012 1731 2082 simili
1783 2011 1985 2104 copia
2035 2023 2242 2104 atque
2289 2011 2607 2083 ubertate
2654 2033 2770 2082 res
2806 2012 3092 2083 Herculis

748 2115 1242 2208 descripsisse,
1299 2124 1372 2186 ut
1420 2116 1607 2187 illum
1659 2116 1778 2208 qui
1832 2115 2316 2186 Theocriteum
2372 2114 2544 2186 illud
2595 2137 2878 2186 carmen
2927 2115 3091 2198 fecit,

747 2222 1132 2312 fragmenta
1172 2219 1552 2290 Heracleae
1590 2217 1986 2290 ostendunt.
2063 2218 2202 2289 Sed
2241 2229 2472 2289 tamen
2508 2240 2599 2289 ne
2637 2217 2801 2290 huic
2839 2219 3093 2311 quidem

555 2363 610 2416 p.
629 2353 725 2401 οπο
746 2333 1000 2416 poetae
1038 2333 1229 2393 recte
1267 2322 1473 2395 tribui
1509 2333 1740 2416 potest
1774 2343 2081 2407 carmen,
2120 2322 2308 2414 quod
2338 2323 2689 2414 aliquanto
2716 2322 3094 2393 recentioris

748 2427 907 2497 aevi
942 2427 1248 2496 colorem
1284 2425 1546 2519 prodit:
1595 2435 1706 2510 ut,
1745 2426 1802 2496 si
1840 2434 1948 2496 est
1983 2447 2076 2495 ex
2115 2426 2341 2518 aliqua
2376 2425 2713 2497 Heraclea
2745 2435 3093 2519 sumptum,

747 2530 979 2623 potius
1042 2527 1284 2598 Rhiani
1348 2550 1557 2620 quam
1628 2528 2040 2619 cuiusquam
2102 2529 2276 2600 alius
2347 2550 2506 2600 esse
2577 2528 2806 2600 videri
2874 2530 3090 2624 possit.

747 2631 1030 2704 Exstitit
1065 2652 1232 2703 vero
1272 2630 1506 2717 etiam,
1546 2632 1666 2724 qui
1701 2651 2044 2725 suspenso
2081 2631 2265 2726 pede
2312 2631 2646 2704 incedens
2685 2643 2975 2727 augusto
3007 2633 3097 2702 in-

749 2746 854 2807 ter
890 2736 1101 2808 dubia
1138 2736 1310 2806 calle
1346 2756 1424 2806 se
1461 2756 1835 2807 evasurum
1872 2746 2219 2829 speraret,
2257 2737 2317 2808 si
2352 2738 2764 2830 scriptorem
2800 2737 3097 2819 carminis
3242 2700 3247 2823 1

748 2840 1016 2910 diceret
1051 2837 1480 2933 rhapsodum
1505 2838 2053 2911 Alexandrinum
2082 2840 2321 2927 fuisse,
2362 2842 2570 2933 quale
2599 2840 2959 2913 hominum
2989 2861 3096 2932 ge-

746 2965 877 3017 nus
915 2964 1006 3013 ne
1043 2943 1168 3014 fuit
1203 2941 1507 3035 quidem.
1591 2943 1681 3013 Et
1733 2953 1967 3015 tamen
2006 2944 2268 3015 inventi
2302 2955 2464 3015 sunt
2499 2944 2618 3037 qui
2656 2965 2813 3016 eam
2852 2945 3095 3038 opinio-
3238 2890 3247 3093 ¹

745 3067 907 3119 nem
945 3046 1243 3139 amplexi
1278 3044 1524 3117 sedulo
1560 3048 2090 3139 conquirerent,
2126 3069 2309 3140 quae
2345 3048 2823 3140 vituperarent
2857 3048 2928 3116 in
2963 3069 3095 3119 car-

746 3151 966 3235 mine,
1020 3151 1090 3219 in
1141 3171 1281 3242 quo
1329 3158 1520 3220 tanta
1571 3159 1720 3221 arte
1757 3138 1988 3220 omnia
2025 3150 2116 3223 ad
2151 3151 2390 3223 vivum
2428 3172 2766 3244 expressa
2802 3161 2987 3236 sunt,
3032 3158 3094 3221 ut
3244 3094 3247 3227 Ι

741 3254 1039 3346 scriptor
1075 3252 1241 3324 ille
1224 3275 1292 3322 1n
1332 3253 1939 3346 praestantissimis
1976 3254 2064 3324 sit
2113 3254 2340 3368 poetis
2392 3254 2886 3328 numerandus.
2966 3255 3091 3346 Ego

744 3355 1027 3449 quidem
1064 3377 1190 3427 cur
1225 3356 1558 3427 Wartono
1611 3356 1985 3440 assentiar,
2033 3356 2151 3448 qui
2205 3379 2487 3428 carmen
2533 3358 2702 3429 illud
2755 3358 3090 3430 Theocrito

744 3458 1223 3550 dignissimum
1262 3479 1420 3529 esse
1457 3458 1815 3544 iudicavit,
1854 3458 2002 3530 dixi
2038 3459 2131 3530 ad
2166 3460 2468 3554 Orphica
2512 3483 2574 3554 p.
2621 3463 2793 3532 69⁴.
2878 3462 3090 3553 Neque

741 3583 909 3633 vero
961 3570 1080 3633 aut
1131 3560 1468 3633 dialectus
1515 3572 1636 3632 aut
1683 3572 2169 3679 argumentum
2222 3564 2547 3656 impedit,
2607 3564 2774 3681 quin
2826 3566 3092 3658 scriptor

742 3686 901 3736 esse
937 3663 1240 3757 potuerit
1275 3663 1704 3736 Theocritus.
1789 3665 2007 3736 Multa
2052 3667 2236 3736 enim
2274 3667 2453 3739 illius
2490 3669 2648 3739 aevi
2686 3677 2936 3761 poetae
2969 3677 3092 3738 tum

740 3768 992 3839 Dorica
1039 3777 1190 3839 tum
1242 3767 1474 3839 Ionica
1517 3767 1755 3862 lingua
1800 3769 2233 3856 scribebant,
2282 3791 2508 3863 eaque
2543 3770 2874 3843 varietate
2909 3772 3092 3842 etiam

740 3872 1019 3943 laudem
1056 3871 1511 3964 quaerebant,
1550 3873 1810 3964 quique
1845 3872 2146 3945 bucolici
2174 3883 2425 3967 poetae
2458 3884 2819 3960 vocantur,
2862 3894 3090 3946 nomen

740 3974 908 4048 illud
945 3998 987 4047 a
1020 3984 1220 4068 parte
1254 3975 1488 4067 poesis
1526 3996 1721 4061 suae,
1760 3996 1902 4045 non
1940 3976 2030 4047 ab
2067 3978 2399 4049 universa
2435 3988 2880 4071 acceperunt.
2944 3978 3091 4048 Ver-

741 4078 1023 4148 sabatur
1058 4078 1241 4149 enim
1279 4078 1395 4149 illa
1430 4078 1499 4148 in
1537 4078 2022 4151 describendis
2059 4080 2243 4152 vitae
2284 4081 2673 4155 communis
2709 4081 2997 4175 negotiis
3029 4088 3088 4149 et

738 4180 1089 4253 familiaris
1119 4181 1643 4269 consuetudinis
1671 4183 1963 4266 ratione,
1994 4205 2179 4255 nunc
2209 4195 2587 4276 pastorum,
2611 4207 2796 4257 nunc
2825 4186 3089 4257 aliorum

741 4282 1120 4368 hominum,
1160 4306 1459 4378 quorum
1494 4285 1735 4356 similis
1770 4286 2077 4359 conditio
2115 4296 2336 4361 esset:
2378 4309 2517 4381 quo
2553 4288 2623 4357 in
2661 4311 2919 4381 genere
2952 4307 3089 4359 sae-

737 4385 893 4478 pius
931 4386 1136 4458 etiam
1177 4409 1268 4458 ex
1305 4389 1603 4480 antiquis
1642 4389 1891 4461 fabulis
1937 4400 2341 4482 argumenta
2394 4391 2933 4484 depromebant,
2976 4386 3087 4459 sed

738 4511 823 4560 ea
877 4488 1073 4574 talia,
1122 4511 1302 4582 quae
1354 4492 1799 4584 quotidianae
1848 4493 2139 4565 heroum
2189 4495 2373 4565 vitae
2424 4495 2795 4589 imaginem
2832 4490 3086 4588 depingi

732 4602 1157 4687 paterentur.
1244 4594 1590 4678 Quocirca
1625 4617 1762 4667 non
1802 4597 2216 4683 mirandum,
2264 4598 2322 4669 si
2356 4599 2706 4693 quaedam
2742 4599 2977 4672 horum
3009 4614 3082 4665 ea
