3328 5326
686 387 762 451 VI
973 266 985 355 Ι
1639 390 2087 454 PRAEFATIO.

690 585 860 653 clusi
896 584 1099 675 igitur
1127 605 1388 669 eorum,
1419 607 1598 677 quae
1636 586 1812 655 intra
1848 608 2067 656 annos
2104 584 3044 657 MDCCCXXXIX-XLVIII

690 715 778 784 ab
815 714 1207 784 Hermanno
1244 714 1497 807 scripta
1533 724 1715 800 sunt,
1753 715 1961 785 haec:

999 832 1337 909 Cen-suram
1382 831 1667 893 editionis
1721 833 2002 915 Aeschyli
2059 833 2553 913 Choephororum
2600 836 3042 895 Bmssuessuu-

1096 956 1227 997 NAB.
1272 932 1516 1016 [Annal.
1554 935 1811 997 Vindob.
1849 938 1970 999 vol.
2008 939 2052 1000 C
2096 936 2303 1020 (1842)
2343 955 2407 1019 p.
2450 937 2569 999 162
2602 936 2726 1017 sq.]

995 1056 1320 1100 censuram
1381 1039 1664 1101 Delectus
1723 1048 1886 1118 poet.
1949 1038 2269 1122 Antholog.
2325 1059 2415 1122 gr.
2473 1039 2571 1101 ed.
2633 1038 2704 1102 A.
2753 1042 3038 1105 Mummi.

1101 1140 1280 1222 [Ibid.
1315 1142 1433 1202 vol.
1473 1142 1596 1205 CIV
1640 1140 1846 1226 (1843)
1886 1165 1947 1224 p.
1988 1145 2110 1207 225
2143 1143 2267 1225 sq.]

995 1262 1321 1306 censuram
1353 1241 1860 1307 Adversariorum
1893 1247 1955 1307 in
1986 1244 2268 1327 Aeschyli
2301 1247 2726 1308 Prometheum
2764 1247 3038 1307 vinctum

1098 1356 1161 1409 et
1209 1345 1520 1428 Aristoph.
1568 1344 1735 1409 Aves
1789 1347 1890 1409 ed.
1941 1351 2041 1412 Fu.
2094 1350 2426 1412 Wuzsssum.
2512 1349 2694 1430 [Ibid.
2743 1349 2865 1410 vol.
2916 1350 3043 1412 CVI

1103 1449 1312 1533 (1844)
1353 1470 1415 1530 p.
1461 1452 1578 1517 123
1612 1451 1740 1543 sq.]
1818 1499 1823 1503 .

993 1574 1317 1617 censuram
1363 1554 1504 1615 libri
1547 1557 1825 1618 Beuum
1884 1554 2087 1617 Ueber
2129 1555 2231 1617 die
2270 1556 2415 1617 Zahl
2456 1554 2569 1616 der
2611 1556 3046 1637 Schauspieler

1093 1659 1195 1720 bei
1225 1657 1536 1740 Aristoph.
1595 1657 1771 1739 [Ibid.
1813 1660 1932 1721 vol.
1972 1661 2078 1722 CX
2119 1657 2322 1741 (1845)
2363 1679 2427 1739 p.
2465 1658 2535 1718 51
2577 1658 2703 1740 sq.]

990 1781 1313 1824 censuram
1360 1761 1503 1822 libri
1548 1762 2036 1826 Scuonmnnum
2092 1765 2214 1825 Des
2254 1760 2596 1843 Aeschylus
2631 1760 3040 1829 Eumeniden.

1096 1864 1276 1946 [thid.
1319 1866 1437 1925 vol.
1477 1865 1607 1927 GXI
1648 1863 1864 1946 (1845)Φ
1894 1885 1959 1946 p.
1996 1865 2119 1929 235
2150 1866 2277 1946 sq.]
2449 1860 2454 1865 ’

995 1988 1294 2039 censuras
1323 1965 1610 2046 Aeschyli
1640 1969 1933 2039 Oresteae
1961 1968 2060 2039 ed.
2098 1970 2306 2050 Pau,
2347 1970 2471 2041 Des
2515 1967 2854 2047 Aeschylos
2891 1969 3047 2041 Ore-

1094 2072 1245 2136 steia
1304 2090 1424 2137 von
1468 2072 1771 2134 Joumnns
1815 2074 2038 2155 Fiunz,
2098 2069 2388 2157 Aeschyli
2444 2071 2864 2141 Eumenidum
2921 2091 3039 2133 rec.

1096 2176 1267 2236 Gun..
1304 2176 1607 2238 meoon.
1668 2173 1846 2255 [Ibid.
1885 2174 2001 2236 vol.
2042 2174 2199 2237 CXV
2240 2172 2444 2257 (1846)
2484 2195 2548 2255 p.
2592 2176 2710 2235 155
2744 2174 2874 2258 sq.]

992 2296 1317 2341 censuram
1364 2277 1662 2339 Theocriti
1716 2276 1815 2339 ed.
1843 2278 2108 2340 'Cuiusr
2158 2276 2614 2339 Wonnswoarn.
2689 2276 2875 2359 [Ibid.
2925 2276 3047 2340 vol.

1053 2390 1059 2395 ’
1093 2380 1331 2444 CXXIV
1354 2399 1423 2460 op.
1458 2381 1583 2444 206
1615 2380 1741 2463 sq.]
2273 2456 2277 2461 ἢ

993 2483 1481 2561 dissertationem
1512 2484 1702 2551 inser.
1738 2483 1944 2555 Ueber
1973 2484 2172 2551 Herm
2201 2483 2532 2557 Wnnms
2567 2494 2843 2557 ,noneste
2885 2484 3055 2557 Ans«

1090 2586 1253 2655 falle.
1324 2585 1559 2680 [Dium.
1599 2589 1791 2672 antiq.
1830 2586 2178 2661 Darmstad.
2250 2588 2411 2651 1839
2443 2608 2506 2669 p.
2542 2589 2661 2650 730
2697 2591 2832 2686 sq.]

991 2709 1282 2754 censuras
1343 2688 1544 2769 Ajacis
1600 2691 1973 2771 Sophocleae
2031 2691 2133 2754 ed.
2179 2693 2272 2755 Jo.
2323 2689 2599 2754 Arlrzms
2652 2701 2714 2755 et
2753 2692 3043 2770 ⁸Actorum

1093 2795 1328 2857 Semin.
1364 2793 1575 2874 philol.
1612 2789 2152 2876 Heidelbergensis
2194 2795 2294 2858 ed.
2330 2797 2584 2858 Knsnn.
2653 2785 2841 2878 [ibid.
2884 2793 3043 2856 1839

1088 2918 1157 2978 p.
1196 2899 1356 2959 1094
1390 2899 1516 2980 sq.]

994 3021 1317 3076 censuram
1350 3003 1529 3068 lexici
1562 3003 1778 3074 Graeci
1809 3002 1911 3076 ed.
1940 3004 2086 3070 Vsu..
2117 3002 2265 3074 Gna.
2295 3005 2398 3070 Fu.
2425 3004 2611 3078 ᾖσεν,
2667 3002 2849 3084 [lbid.
2883 3001 3036 3074 1841

1090 3126 1152 3186 p.
1191 3106 1315 3166 538
1349 3106 1475 3190 sq.]

991 3228 1282 3270 censuras
1316 3207 1603 3270 Hecubae
1634 3208 2007 3290 Euripideae
2038 3207 2135 3271 ed.
2179 3205 2413 3271 PFLuex
2442 3209 2513 3272 ΙΙ.
2549 3218 2611 3271 et
2641 3210 3045 3272 Commenta-

1091 3314 1328 3373 tionum
1376 3312 1850 3393 Sophoclearum
1894 3332 1959 3393 p.
2007 3311 2080 3373 11.
2134 3329 2253 3375 scr.
2304 3313 2378 3374 H.
2427 3311 2775 3376 Kummmr.
2864 3307 3046 3394 [Ibid.

1095 3416 1244 3477 1841
1288 3432 1351 3494 p.
1391 3417 1511 3476 884
1549 3416 1673 3497 sq.]
1803 3409 1810 3416 ’

990 3538 1316 3592 censuram
1380 3520 1660 3588 anxn
1714 3521 2060 3602 Fragment.
2107 3521 2322 3594 cotnio.
2373 3520 2583 3590 Graec.
2637 3519 2758 3584 vol.
2809 3516 3042 3588 Iw-IV.

1099 3622 1344 3708 [Annal.
1380 3625 1630 3686 Jenens.
1675 3624 1836 3687 1842
1871 3646 1932 3708 p.
1971 3625 2092 3684 504
2128 3622 2254 3710 sq.]

995 3726 1269 3789 libellum
1327 3723 1749 3789 academicum
1807 3729 1992 3790 inscr.
2043 3726 2469 3788 Nobilissimae
2528 3727 2784 3808 virginis
2825 3730 3042 3788 Joann.

1092 3830 1298 3892 Eleon.
1335 3830 1554 3893 Rosiae
1575 3850 1735 3912 pars
1767 3829 2104 3894 testamenti
2130 3845 2288 3910 quae
2319 3830 2400 3892 ad
2444 3821 2822 3893 academiam
2854 3827 3051 3908 Lipsi-

1094 3952 1307 3996 ensem
1340 3942 1598 4013 spectat.
1632 3934 1948 3998 Praefatus
1978 3943 2076 3996 est
2100 3935 2169 3996 G.
2209 3936 2280 3996 Η.
2330 3933 2505 4015 (1841
2527 3935 2583 4017 5)
2625 3937 2661 3994 Β
2694 3951 2760 4016 p.

996 4037 1271 4108 libellum
1317 4037 1505 4100 insor.
1551 4040 1744 4102 Evam
1786 4047 1925 4102 ‹mte
1969 4034 2269 4112 Ademtum
2310 4047 2582 4110 creatam
2622 4056 2752 4104 esse
2800 4036 2930 4102 sive
2973 4030 3052 4102 do

1095 4142 1407 4214 communi
1440 4141 1708 4221 quodam
1742 4141 1912 4224 apud
1944 4144 2149 4203 Mosen
2182 4152 2243 4204 et
2274 4143 2608 4206 Hesiodum
2641 4158 2847 4214 errore
2892 4138 3049 4200 circa

1093 4246 1458 4306 creationem
1524 4246 1769 4324 generis
1824 4245 2100 4307 humani.
2205 4243 2459 4326 [Illgenii
2513 4243 2734 4307 Annal.
2783 4239 3040 4319 theolog.

1092 4347 1215 4409 vol.
1252 4350 1330 4408 X.
1368 4345 1430 4409 5.
1466 4367 1532 4430 p.
1570 4350 1641 4408 61
1683 4349 1809 4430 sq.]

891 4467 1045 4549 Quo
1085 4464 1153 4532 in
1189 4485 1479 4534 numero
1520 4464 1650 4533 etsi
1685 4484 1907 4557 pauca
1943 4471 2124 4549 sunt,
2178 4462 2424 4556 quibus
2476 4462 2627 4554 quis
2681 4458 2883 4529 facile
2930 4473 3047 4525 ca·-

686 4617 840 4667 rere
879 4615 1083 4690 posse
1120 4592 1250 4664 sibi
1297 4592 1641 4678 videatur,
1695 4601 1922 4664 tamen
1968 4594 2350 4689 perinvitus
2398 4591 2546 4700 feci·
2584 4600 2660 4663 ut
2713 4603 2871 4658 cum
2923 4583 3053 4654 alia
