3328 5326
677 350 802 410 334
1605 346 2115 409 THEOCRITUS.

678 540 1110 650 implendum
1149 561 1511 612 numerum
1540 561 1718 633 opus
1748 551 1876 624 est,
1908 540 2475 633 processisseque
2506 531 2895 607 orationem
2921 537 3037 608 hoc

682 648 827 716 fere
869 644 1112 715 modo:

1927 747 2019 823 ὠς
2056 747 2116 815 δ’
2159 746 2268 815 ἀπ’
2310 741 2632 821 ἀκάνθας

887 850 1006 921 ταὶ
1043 850 1351 945 καπυραὶ
1390 855 1658 939 χαῖται,
1703 850 1791 920 τὸ
1826 849 2036 920 καλὸν
2072 850 2287 943 θέρος
2324 846 2531 917 ἁνίκα
2570 844 2849 941 modyn,

678 956 780 1024 sic
819 955 1107 1024 Galatea
1144 953 1279 1025 huc
1319 954 1476 1024 illuc
1515 955 1762 1040 fertur,
1807 964 1879 1022 et
1914 952 2125 1023 modo
2164 960 2473 1044 apparet,
2530 950 2742 1021 modo
2782 972 2860 1021 se
2897 952 3047 1021 abs-

680 1057 950 1141 condit;
1006 1057 1218 1128 modo
1272 1079 1365 1126 ex
1417 1056 1620 1129 undis
1659 1057 1973 1149 emergit,
2015 1054 2225 1126 modo
2264 1077 2341 1125 se
2381 1055 2450 1123 in
2491 1055 2911 1146 profundum
2944 1077 3047 1125 re-
3124 1133 3138 1154 δ

681 1160 870 1247 cidit,
911 1161 1331 1253 omninoque
1372 1170 1441 1231 te
1479 1162 1876 1253 petulanter
1914 1159 2110 1243 ludit,

885 1264 1000 1336 καὶ
1040 1260 1280 1356 φεύγει
1317 1266 1649 1357 φιλέοντα
1685 1264 1800 1333 καὶ
1839 1264 1924 1333 οὐ
1964 1264 2294 1355 φιλέοντα
2332 1259 2587 1332 διώκει.

889 1369 972 1438 Ut
1008 1369 1120 1438 hic
1158 1389 1300 1438 non
1339 1367 1551 1438 dubia
1589 1366 1865 1437 videtur
1901 1388 2031 1438 sex
2065 1387 2393 1437 versuum
2444 1365 2741 1450 iactura,
2797 1365 2895 1435 ita
2946 1388 3051 1437 su-

569 1487 660 1536 vn
680 1471 933 1566 spicari
969 1472 1123 1564 quis
1159 1472 1413 1565 poterit
1445 1469 1740 1541 totidem
1773 1492 2016 1542 versus
2054 1470 2321 1563 perisse
2357 1470 2426 1537 in
2463 1489 2617 1561 sep
2639 1469 2847 1540 timo
2886 1469 3049 1563 idyl-

556 1576 805 1660 p.8lio,
864 1576 931 1644 in
982 1597 1121 1667 quo
1172 1596 1353 1668 quae
1406 1583 1566 1645 sunt
1617 1574 1759 1646 duo
1797 1574 2136 1658 carmina,
2178 1593 2420 1644 eorum
2457 1573 2749 1643 alterum
2789 1572 3049 1645 duode-

679 1678 1139 1773 quadraginta
1174 1700 1435 1761 versuS,
1477 1679 1769 1750 alterum
1807 1679 2083 1770 triginta
2119 1677 2259 1747 duo
2298 1676 2528 1746 habet.
2589 1676 2846 1748 Verum
2883 1677 3049 1748 illius

680 1782 893 1876 idyllii
948 1783 1358 1876 compositio
1411 1781 1691 1853 liberior
1726 1793 1868 1865 est,
1925 1802 2153 1873 neque
2190 1780 2369 1849 inter
2405 1801 2530 1850 eos
2568 1802 2865 1872 quorum
2903 1791 3050 1852 sunt

676 1887 793 1956 illa
829 1888 1137 1957 carmina
1174 1886 1473 1956 canendi
1511 1898 1640 1971 est,
1681 1886 1809 1956 sed
1839 1884 2281 1979 gratificandi
2310 1883 2721 1954 aemulatio:
2766 1895 3049 1977 uterque

678 1991 864 2060 enim
918 1991 1112 2060 alteri
1168 1999 1242 2061 ut
1294 1990 1704 2083 placiturum
1760 1991 2005 2060 recitat
2055 2010 2337 2059 carmen
2387 1986 2577 2079 quod
2628 2008 2853 2080 nuper
2889 2009 3048 2058 con-

675 2094 967 2164 diderit:
1024 2114 1241 2187 quare
1279 2114 1369 2163 ne
1409 2104 1635 2187 potest
1672 2093 1955 2186 quidem
1999 2093 2089 2163 de
2127 2091 2597 2184 comparanda
2634 2091 3053 2184 longitudine

678 2197 1007 2290 cogitari,
1061 2199 1193 2268 etsi
1251 2198 1367 2267 illa
1417 2198 1723 2267 carmina
1759 2218 1971 2289 quum
2011 2205 2419 2288 argumento
2458 2205 2602 2265 tum
2638 2216 2726 2265 eo
2765 2196 2943 2266 inter
2980 2217 3048 2266 sc

680 2302 923 2371 similia
962 2314 1142 2386 sunt,
1183 2301 1373 2394 quod
1410 2302 1480 2370 in
1522 2301 1876 2393 utriusque
1915 2299 2054 2371 fine
2091 2320 2231 2369 non
2272 2307 2681 2391 exspectata
2717 2298 2891 2371 alius
2930 2299 3048 2370 ho-

681 2406 879 2475 minis
919 2425 1126 2497 quam
1166 2405 1255 2475 de
1293 2426 1432 2495 quo
1472 2423 1703 2474 sermo
1745 2406 1967 2476 fuerat
1996 2401 2568 2474 commemoratio
2605 2412 2715 2471 est
2751 2403 3038 2482 adiecta,

677 2529 904 2600 eaque
943 2509 1120 2592 talis,
1162 2519 1237 2579 ut
1272 2508 1572 2600 demptis
1612 2508 1702 2576 de
1740 2509 1970 2600 priore
2009 2518 2311 2599 septem,
2366 2505 2456 2575 de
2507 2508 2893 2597 posterioie
2941 2508 3053 2576 tri-

683 2613 810 2682 bus
867 2612 1117 2682 ultimis
1173 2611 1491 2682 versibus
1529 2621 1898 2704 utrumque
1938 2632 2219 2681 carmen
2259 2601 2615 2726 aptissime
2654 2611 3051 2682 conclusum

682 2714 1016 2786 videatur.

885 2819 1192 2888 Transeo
1243 2817 1334 2888 ad
1385 2838 1473 2888 ea
1524 2818 1966 2902 carmina‚›in
2003 2819 2254 2910 quibus
2292 2819 2480 2889 nulla
2515 2826 2624 2887 est
2660 2820 3047 2889 canentium

679 2922 1046 2993 alternatio
1084 2935 1200 2995 aut
1234 2922 1657 2992 vicissitudo,
1720 2923 1819 2992 Ac
1848 2922 2181 2992 naturalis
2210 2921 2496 3012 quidam
2524 2921 2890 2993 instinctus
2926 2923 3049 2993 do-

676 3028 821 3099 cuit
856 3027 1174 3098 homines
1213 3026 1281 3095 in
1319 3034 1527 3098 cantu
1565 3027 1812 3096 leniter
1847 3026 2106 3097 fluente
2136 3046 2351 3117 quum
2382 3045 2630 3095 sensus
2670 3025 2878 3094 animi
2912 3035 3049 3096 tum

676 3132 1001 3202 carminis
1039 3130 1287 3201 modos
1323 3131 1420 3199 ita
1456 3139 1880 3223 temperare,
1918 3141 1996 3199 ut
2032 3138 2194 3222 apta
2234 3130 2679 3222 proportione
2716 3129 2787 3198 in
2827 3138 3049 3222 partes

681 3237 826 3305 fere
879 3236 1208 3327 aequales
1260 3233 1696 3304 dividantur:
1756 3255 1962 3326 quam
2012 3234 2350 3303 rationem
2391 3243 2708 3326 apertum
2745 3246 2853 3303 est
2888 3253 3048 3303 con-

679 3338 1269 3408 venientissimam
1307 3356 1465 3407 esse
1499 3339 1742 3429 generi
1780 3337 2118 3409 bucolico.
2204 3335 2348 3407 Sed
2393 3337 2568 3407 haec
2607 3338 2841 3428 poesis
2876 3357 3042 3428 quo·
3112 3336 3117 3340 ’

680 3443 862 3511 niam
928 3461 1324 3511 sermonem
1391 3439 1748 3511 hominum
1808 3461 1948 3509 non
2013 3460 2261 3510 severa
2325 3439 2628 3532 quadam
2696 3439 3046 3533 disciplina

678 3545 1031 3636 multaque
1082 3543 1586 3614 exercitatione
1641 3545 2089 3614 formatorum
2141 3532 2440 3615 imitatur
2482 3562 2614 3614 nec
2653 3543 2876 3614 videri
2909 3544 3039 3614 vult

676 3648 884 3717 anxie
939 3647 1293 3720 elaborata
1333 3667 1526 3730 esse,
1581 3647 1905 3718 observat
1947 3647 2060 3717 illa
2098 3647 2381 3739 quidem
2422 3626 2722 3740 aliquam
2757 3648 3041 3762 partium

676 3752 1113 3844 aequabilem
1152 3752 1779 3843 comparationem,
1834 3750 1962 3821 sed
2005 3749 2223 3822 utitur
2255 3773 2342 3821 ea
2379 3751 2685 3834 liberiuS‚
2725 3763 2802 3823 ut
2837 3749 3040 3842 magis

677 3855 962 3927 arbitrio
1016 3876 1145 3926 suo
1198 3854 1361 3926 duci
1412 3873 1619 3946 quam
1672 3874 1918 3946 parere
1968 3855 2442 3948 praescriptae
2505 3854 2905 3925 necessitati
2950 3853 3042 3925 vi-

675 3957 947 4029 deatur
1005 3960 1078 4030 Id
1120 3959 1492 4053 praecipue
1530 3980 1624 4028 ex
1658 3958 1793 4028 illis
1831 3959 2264 4029 carminibus
2286 3960 2538 4042 elucet,
2579 3979 2872 4050 quarum
2898 3979 3041 4074 par-

677 4072 783 4131 tes
829 4083 1040 4134 versu
1090 4083 1299 4155 quem
1353 4062 1837 4135 intercalarem
1873 4073 2134 4133 vocant
2168 4072 2329 4133 sunt
2365 4061 2770 4132 distinctae:
2826 4062 3040 4132 cuius-

677 4164 866 4234 modi
918 4165 1060 4237 duo
1107 4166 1489 4250 Theocriti,
1545 4186 1760 4237 unum
1805 4166 2073 4251 Bionis,
2128 4188 2344 4237 unum
2381 4166 2591 4236 etiam
2628 4166 2896 4236 Moschi
2928 4164 3038 4233 ha-

674 4268 961 4353 bemuS,
1001 4270 1097 4338 ita
1134 4279 1207 4340 ut
1246 4270 1423 4341 haec
1461 4271 1770 4340 carmina
1814 4289 2106 4341 normae
2141 4270 2357 4339 instar
2393 4270 2550 4355 sint,
2592 4269 2683 4340 ad
2719 4290 2923 4362 quam
2957 4267 3033 4337 de

676 4371 944 4442 ceteris:
996 4372 1286 4443 iudicari
1347 4374 1583 4467 possit.
1693 4374 1816 4444 Est
1881 4384 2114 4444 autem
2183 4374 2486 4443 maxime
2533 4374 2833 4466 simplex
2880 4366 3029 4440 illud

608 4499 652 4549 Π
676 4472 1022 4547 Theocriti
1060 4475 1343 4568 idyllion
1381 4476 1569 4570 quod
1610 4477 2188 4573 φαρμακεύτρ
2211 4502 2302 4547 ια
2337 4487 2446 4547 est
2475 4477 2901 4570 inscriptum.
2967 4470 3030 4542 Id

675 4602 717 4650 a
751 4603 818 4650 v.
869 4580 985 4650 47.
1030 4582 1249 4650 octies
1301 4591 1713 4673 quaternOS,
1766 4603 1805 4652 a
1843 4603 1908 4652 v.
1946 4584 2065 4652 58.
2115 4590 2349 4652 autem
2388 4580 2772 4653 duodecies
2807 4578 3032 4672 quinos

3234 565 3240 678 1

3224 1545 3240 2170 l

3218 4210 3239 4775 ἡ

3232 4810 3240 5252 l
