3328 5326
922 388 1053 460 ΟΒ,
1087 389 1165 455 ΙΝ
1204 389 1306 453 Ν.
1342 386 1824 459 ΒΕΕΠΙι,“ΑΒιἹΪ.
1855 390 2031 459 ,ΤῩΡ.
2539 388 2664 451 ua

301 602 476 674 quas
526 589 899 659 ostentare·
923 582 1275 673 possimus
1329 581 1775 665 affluxerunt,
1828 580 1957 657 sed
2009 580 2175 657 illud
2228 579 2538 659 sobrium
2588 598 2680 653 ac

301 702 641 765 severum
652 683 985 776 gaudium
1011 694 1292 761 enamm
1316 694 1452 770 est,
1470 706 1609 777 quo
1636 693 1908 761 mentes
1938 684 2288 761 hominum
2317 683 2679 757 erroribus

301 788 662 872 liberatas,
716 809 879 893 qno,
894 791 1165 867 animos
1190 809 1294 868 ex
1330 804 1584 883 sopore
1624 789 1998 874 excitam,
2047 808 2186 883 quo
2222 787 2458 861 lumen
2491 786 2683 867 litte-

302 912 543 971 iarum
567 908 739 969 cum
755 880 1027 996 populi»
1019 882 1649 987 ιιριιιιιιιίιιίοειιιιω,
1667 913 1809 984 quo
1827 892 2184 969 liberalem
2212 889 2682 993 eruditionem,

302 1012 819 1089 mgenuamque
854 978 1404 1073 humanitatem
1384 1019 1456 1069 ιιι
1492 1010 1776 1071 omnem
1795 996 2017 1067 vitam
2055 995 2275 1069 illatas
2309 981 2684 1076 laetamur-93

303 1098 507 1202 ᾀιιιιι
498 1099 848 1177 laetamur
883 1110 1151 1183 autleni.¹
1146 1100 1370 1179 simul
1384 1099 1682 1217 ancipiti
1709 1098 2236 1192 exspectatione
2262 1101 2458 1175 iuter
2466 1096 2682 1177 dubia

303 1212 697 1295 temporum
750 1202 1242 1288 admonemur,
1292 1212 1371 1277 ut
1419 1205 1639 1305 ipsam
1687 1203 1920 1277 huius
1941 1203 2099 1272 festi
2137 1203 2471 1275 rationem
2509 1220 2686 1279 con-r.

302 1306 735 1399 templ-antes
756 1326 869 1383 33
880 1322 1053 1387 cum
1076 1307 1578 1401 temperatione
1614 1296 1949 1392 laetitiae,
1988 1324 2197 1398 quam
2232 1305 2410 1382 iusta
2446 1325 2686 1383 rerum

305 1410 697 1499 aestimatio
724 1409 1041 1502 imperat,
1058 1431 1478 1503 quaeramus
1506 1410 1676 1503 quid
1703 1411 2096 1487 celebretur
2124 1419 2195 1479 et
2217 1430 2258 1478 a
2288 1408 2542 1499 quibus
2559 1427 2688 1485 ce-‚

307 1506 616 1609 lebretur
642 1522 741 1583 set
750 1530 1041 1608 quaspe
1066 1534 1299 1606 quove
1326 1526 1519 1591 metu
1538 1515 1960 1591 celebretur*
2018 1512 2189 1589 Nam
2217 1527 2685 1602 unaquaeque

306 1638 425 1697 res
459 1616 813 1709 duplicem
848 1618 1370 1703 faciemzhahet,
1408 1636 1565 1703 nec,
1597 1617 1762 1693 dum
1793 1619 2079 1693 alteram
2107 1617 2476 1700 intuemur,
2507 1612 2691 1683 obli-

309 1720 727 1799 viscendum
763 1721 1043 1795 alterius
1080 1732 1207 1797 est.
1280 1738 1283 1743 ·

320 1882 331 1887 -
382 1866 389 1875 ·
518 1823 1133 1900 considerantibus
1181 1826 1415 1910 nobiS‚
1468 1825 1856 1910 auditoreS‚
1909 1831 2166 1916 quanta
2213 1819 2681 1904 contentione,

307 1929 586 2018 quantis
622 1927 899 2020 opibuS‚
936 1938 1195 2021 quanto
1233 1938 1573 2023 apparatu
1608 1928 1943 2001 memoria
1989 1928 2316 2005 inventae
2368 1926 2531 2003 artis
2562 1933 2684 2014 ty-

305 2020 777 2134 pogra'phicae
830 2033 1214 2117 recolatur,
1279 2052 1420 2105 non
1473 2033 1766 2107 dubium
1835 2031 2155 2107 videatur
2203 2049 2498 2107 necesse
2551 2036 2682 2101 est

306 2136 476 2226 quin
502 2154 653 2207 non
689 2144 829 2205 tam
863 2146 1117 2209 natura
1149 2137 1314 2215 artis
1351 2146 1558 2229 atque
1605 2136 1920 2213 inventio
1961 2135 2095 2209 hoc
2143 2133 2466 2211 studium
2481 2132 2685 2211 enci-

306 2238 590 2322 taverit,
630 2261 852 2333 quam
902 2250 1125 2311 status
1177 2242 1249 2311 in
1301 2261 1513 2332 quem
1549 2240 1880 2317 adducta
1906 2248 2014 2315 est
2049 2236 2574 2315 florentissimus
2611 2243 2684 2303 et

307 2341 928 2428 fortunatissimus⁹
984 2344 1454 2436 cogitatioque
1503 2365 1938 2419 summorum·
1993 2342 2390 2424 honorium·
2431 2340 2682 2432 quibus
2700 2346 2806 2409 ΡΑ

304 2467 436 2539 per
472 2467 628 2517 eam
664 2467 885 2563 genus
920 2447 1297 2523 humanum
1336 2456 1450 2521 est
1484 2447 1832 2523 affectum
1884 2445 2059 2525 {Sed
2104 2446 2277 2521 haec
2315 2444 2578 2523 maiora
2614 2452 2686 2512 et

306 2551 653 2642 graviora
669 2551 996 2641 queniam
1034 2568 1161 2629 me
1182 2551 1332 2623 aliis
1370 2552 1762 2651 relinquere
1800 2548 2210 2643 significavi,
2248 2548 2392 2621 hoc
2421 2558 2687 2627 tantum

305 2653 481 2734 mihi
516 2671 807 2740 sumam,
818 2667 914 2727 ιιι
948 2657 1191 2750 paucis
1231 2654 1321 2729 de
1359 2657 1509 2752 ipsa
1546 2657 1970 2731 inventione
1987 2654 2166 2732 illius
2204 2653 2390 2730 artis
2407 2659 2689 2730 natura-

310 2779 451 2850 que
481 2777 881 2853 exponam.
876 2757 1128 2838 Nam
1111 2783 1180 2832 m
1209 2762 1617 2838 inventione
1638 2760 1928 2853 quidem
1943 2759 2122 2838 artis
2141 2756 2690 2851 typographicae

311 2862 450 2940 hoc
488 2861 835 2977 singnlare
871 2875 1002 2949 33ι,
1038 2863 1239 2956 quod
1268 2865 1487 2939 multo
1523 2864 1993 2942 admirabilior
2027 2863 2200 2940 eius
2214 2877 2354 2936 non
2384 2859 2689 2932 inventio

311 2965 440 3048 fuit
475 2982 695 3057 quam
721 2953 1064 3051 inventae,
1116 2968 1187 3036 in
1239 2978 1485 3044 natura
1534 2977 1806 3050 autem,
1859 2955 2047 3058 quod
2102 2979 2242 3036 uno·
2285 2964 2467 3038 felici
2499 2964 2692 3040 iactu

313 3069 623 3154 inventa,
656 3069 806 3139 vias
841 3071 1094 3186 quibus
1132 3069 1637 3162 perficeretur
1621 3092 1772 3163 ipsa
1807 3068 2256 3146 monstrabat.

518 3172 938 3265 Accepimus
976 3173 1235 3266 primos
1270 3175 1511 3246 fuisse
1524 3174 1754 3257 Sinam,
1803 3171 2344 3250 sollertissimam
2381 3177 2688 3260 gentem,

313 3273 646 3374 assquibus
687 3277 1086 3370 excogitata
1122 3279 1210 3347 sit
1247 3292 1358 3348 ars
1396 3278 1596 3362 haec,
1635 3299 1817 3369 quae
1855 3286 1930 3347 ut
1964 3276 2144 3346 inter
2178 3294 2307 3343 nos
2344 3281 2508 3342 nata
2544 3286 2693 3340 me-

312 3381 448 3451 rito
484 3380 799 3472 quidem,
852 3382 983 3453 sed
1019 3391 1249 3454 tamen
1288 3402 1428 3451 non
1465 3392 1539 3453 ut
1576 3382 1743 3454 solis
1780 3378 2141 3453 Germanis
2179 3375 2489 3472 propria,
2543 3375 2696 3446 lau-

315 3483 524 3560 dibus
560 3483 866 3557 effertur.
952 3485 1231 3558 Dolituit
1265 3486 1379 3555 illa
1415 3485 1603 3580 apud
1643 3485 1844 3556 Sinas
1879 3483 2091 3558 multa
2128 3503 2254 3575 per
2292 3480 2563 3564 secula,
2619 3488 2698 3552 ut

316 3587 503 3681 apud
542 3588 860 3668 homines
898 3611 940 3662 3
975 3598 1212 3661 cetero
1250 3589 1421 3660 orbe
1469 3587 1734 3662 divisos
1779 3610 1911 3659 nec
1959 3586 2281 3662 caelestis
2328 3582 2518 3676 quod
2568 3603 2698 3651 vo-

315 3701 481 3766 cant
515 3692 714 3784 regni
749 3693 1058 3768 instituta
1097 3714 1257 3765 cum
1291 3693 1438 3768 aliis
1483 3693 1759 3787 populis
1813 3692 2427 3768 communicantes.
2512 3684 2697 3769 Quid

317 3814 491 3868 vero
529 3795 620 3874 de
657 3816 744 3872 eo
781 3815 1218 3881 censeamuS‚
1256 3797 1448 3889 quod
1483 3818 1579 3872 ex
1610 3797 1898 3889 reliquis
1931 3794 2122 3867 orbis
2148 3804 2497 3864 ‘terrarum
2522 3810 2700 3882 gen-

317 3899 506 3980 tibus
545 3920 634 3971 ne
672 3921 800 3973 eae
836 3899 1142 3992 quidem,
1180 3921 1362 3992 quae
1399 3901 1757 3974 alacritate
1786 3910 1857 3980 et
1884 3897 2385 3972 exercitatione
2412 3893 2697 3985 ingenii,

317 4023 505 4096 quae
554 4003 1005 4096 intelligentia
1031 4025 1261 4076 rerum
1313 4005 1958 4080 mathematicarum
2003 4011 2074 4076 et
2108 3999 2698 4081 mechanicarum,

318 4124 503 4200 quae
552 4108 995 4178 exactissima
1045 4108 1271 4179 omnis
1319 4108 1598 4202 generis
1656 4108 1902 4184 artium
1959 4105 2205 4199 peritia
2274 4101 2700 4176 cultissimae

323 4213 603 4290 fuerunt
630 4220 701 4282 et
726 4212 1202 4329 politissimae,
1227 4211 1608 4288 litterarum
1634 4210 1894 4304 figuras
1923 4207 2367 4291 membranis,
2387 4205 2700 4288 chartae,

323 4315 549 4396 aliive
578 4316 911 4394 materiae
962 4315 1358 4433 imprimere
1408 4316 1916 4411 reppererunt?
1992 4313 2316 4388 Profecto
2367 4310 2501 4386 bec
2557 4318 2700 4380 tam

322 4418 651 4496 mirabile
674 4427 802 4504 est,
842 4429 943 4503 ut,
979 4419 1113 4494 nisi
1147 4420 1265 4496 ita
1278 4441 1438 4494 3333
1475 4421 1848 4514 sciremus,
1898 4439 1989 4488 ne
2039 4413 2377 4492 credibile
2413 4411 2698 4507 quidem

325 4520 732 4601 videretur.-
787 4522 971 4607 Quid
1019 4522 1260 4598 enim?
1336 4524 1519 4600 Νοιι
1512 4524 1796 4618 pedum
1836 4523 1904 4598 in
1942 4521 2108 4594 limo
2144 4529 2214 4596 et
2250 4519 2537 4613 pulvere
2573 4535 2702 4583 ve-

325 4625 563 4718 stigia,
614 4643 757 4698 non
811 4625 1186 4720 digitorum
1238 4626 1308 4700 in
1361 4629 1505 4702 luto
1569 4625 1928 4721 fingendo
1943 4634 2198 4708 ‚suetae
2263 4635 2405 4696 non
2468 4618 2701 4708 imago
