<?xml version="1.0" encoding="UTF-8"?>
<!DOCTYPE html PUBLIC "-//W3C//DTD XHTML 1.0 Transitional//EN"
    "http://www.w3.org/TR/xhtml1/DTD/xhtml1-transitional.dtd">
<html xmlns="http://www.w3.org/1999/xhtml" xml:lang="en" lang="en">
 <head>
  <title>
</title>
<meta http-equiv="Content-Type" content="text/html;charset=utf-8" />
  <meta name='ocr-system' content='tesseract 3.04.00' />
  <meta name='ocr-capabilities' content='ocr_page ocr_carea ocr_par ocr_line ocrx_word'/>
</head>
<body>
  <div class='ocr_page' id='page_1' title='image "./godofrediherman02hermgoog/godofrediherman02hermgoog_0470.png"; bbox 0 0 3328 5326; ppageno 0'>
   <div class='ocr_carea' id='block_1_1' title="bbox 885 385 2607 452">
    <p class='ocr_par' dir='ltr' id='par_1_1' title="bbox 885 385 2607 452">
     <span class='ocr_line' id='line_1_1' title="bbox 885 385 2607 452; baseline 0.001 -5"><span class='ocrx_word' id='word_1_1' title='bbox 885 385 1011 449; x_wconf 81' lang='lat'>452</span> <span class='ocrx_word' id='word_1_2' title='bbox 1525 386 1647 448; x_wconf 80' lang='grc' dir='ltr'>ΟΒ.</span> <span class='ocrx_word' id='word_1_3' title='bbox 1685 385 1762 447; x_wconf 90' lang='grc' dir='ltr'>ΙΝ</span> <span class='ocrx_word' id='word_1_4' title='bbox 1791 387 1889 452; x_wconf 85' lang='lat' dir='ltr'>IV.</span> <span class='ocrx_word' id='word_1_5' title='bbox 1929 387 2198 450; x_wconf 88' lang='lat' dir='ltr'>SECUL.</span> <span class='ocrx_word' id='word_1_6' title='bbox 2234 386 2406 449; x_wconf 88' lang='lat' dir='ltr'><strong>ART.</strong></span> <span class='ocrx_word' id='word_1_7' title='bbox 2444 388 2607 448; x_wconf 88' lang='lat' dir='ltr'><strong>TYP.</strong></span> 
     </span>
    </p>
   </div>
   <div class='ocr_carea' id='block_1_2' title="bbox 716 576 3318 4709">
    <p class='ocr_par' dir='ltr' id='par_1_2' title="bbox 716 576 3318 4709">
     <span class='ocr_line' id='line_1_2' title="bbox 880 576 3236 671; baseline 0 -23"><span class='ocrx_word' id='word_1_8' title='bbox 880 578 1309 670; x_wconf 90' lang='lat' dir='ltr'>reipublicae</span> <span class='ocrx_word' id='word_1_9' title='bbox 1343 577 1728 648; x_wconf 83' lang='lat' dir='ltr'><strong>dissolutio.</strong></span> <span class='ocrx_word' id='word_1_10' title='bbox 1788 577 2148 649; x_wconf 89' lang='lat' dir='ltr'>Praedicat</span> <span class='ocrx_word' id='word_1_11' title='bbox 2181 578 2622 650; x_wconf 81' lang='lat' dir='ltr'>historiarum</span> <span class='ocrx_word' id='word_1_12' title='bbox 2658 578 2961 671; x_wconf 85' lang='lat' dir='ltr'>scriptor</span> <span class='ocrx_word' id='word_1_13' title='bbox 2998 576 3236 649; x_wconf 82' lang='lat' dir='ltr'>Corne-</span> 
     </span>
     <span class='ocr_line' id='line_1_3' title="bbox 881 680 3228 777; baseline 0 -26"><span class='ocrx_word' id='word_1_14' title='bbox 881 682 1013 752; x_wconf 88' lang='lat' dir='ltr'>lius</span> <span class='ocrx_word' id='word_1_15' title='bbox 1052 680 1325 751; x_wconf 82' lang='lat' dir='ltr'>Tacitus</span> <span class='ocrx_word' id='word_1_16' title='bbox 1364 681 1764 751; x_wconf 81' lang='lat' dir='ltr'><strong>felicitatem</strong></span> <span class='ocrx_word' id='word_1_17' title='bbox 1800 692 2219 777; x_wconf 90' lang='lat' dir='ltr'>temporum,</span> <span class='ocrx_word' id='word_1_18' title='bbox 2272 683 2397 754; x_wconf 90' lang='lat' dir='ltr'>ubi</span> <span class='ocrx_word' id='word_1_19' title='bbox 2442 681 2699 752; x_wconf 86' lang='lat' dir='ltr'>sentire</span> <span class='ocrx_word' id='word_1_20' title='bbox 2752 701 2939 773; x_wconf 88' lang='lat' dir='ltr'>quae</span> <span class='ocrx_word' id='word_1_21' title='bbox 2976 681 3139 752; x_wconf 89' lang='lat' dir='ltr'>velis</span> <span class='ocrx_word' id='word_1_22' title='bbox 3169 693 3228 752; x_wconf 84' lang='lat' dir='ltr'>et</span> 
     </span>
     <span class='ocr_line' id='line_1_4' title="bbox 879 783 3228 878; baseline -0 -22"><span class='ocrx_word' id='word_1_23' title='bbox 879 805 1062 878; x_wconf 88' lang='lat' dir='ltr'>quae</span> <span class='ocrx_word' id='word_1_24' title='bbox 1110 785 1369 855; x_wconf 87' lang='lat' dir='ltr'>sentias</span> <span class='ocrx_word' id='word_1_25' title='bbox 1424 783 1660 855; x_wconf 82' lang='lat' dir='ltr'>dicere</span> <span class='ocrx_word' id='word_1_26' title='bbox 1704 785 1928 855; x_wconf 83' lang='lat' dir='ltr'>liceat.</span> <span class='ocrx_word' id='word_1_27' title='bbox 2023 785 2202 855; x_wconf 87' lang='lat' dir='ltr'>Eam</span> <span class='ocrx_word' id='word_1_28' title='bbox 2251 786 2645 859; x_wconf 81' lang='lat' dir='ltr'>felicitatem</span> <span class='ocrx_word' id='word_1_29' title='bbox 2695 784 3008 859; x_wconf 87' lang='lat' dir='ltr'>invident</span> <span class='ocrx_word' id='word_1_30' title='bbox 3053 785 3228 855; x_wconf 88' lang='lat' dir='ltr'>nobis</span> 
     </span>
     <span class='ocr_line' id='line_1_5' title="bbox 880 887 3233 982; baseline 0 -24"><span class='ocrx_word' id='word_1_31' title='bbox 880 888 999 981; x_wconf 90' lang='lat' dir='ltr'>qui</span> <span class='ocrx_word' id='word_1_32' title='bbox 1026 909 1195 958; x_wconf 89' lang='lat' dir='ltr'>vera</span> <span class='ocrx_word' id='word_1_33' title='bbox 1222 887 1361 958; x_wconf 87' lang='lat' dir='ltr'>dici</span> <span class='ocrx_word' id='word_1_34' title='bbox 1387 897 1719 972; x_wconf 84' lang='lat' dir='ltr'>vetanteS,</span> <span class='ocrx_word' id='word_1_35' title='bbox 1747 907 1886 960; x_wconf 91' lang='lat' dir='ltr'>non</span> <span class='ocrx_word' id='word_1_36' title='bbox 1915 909 2084 958; x_wconf 88' lang='lat' dir='ltr'>vera</span> <span class='ocrx_word' id='word_1_37' title='bbox 2110 888 2450 961; x_wconf 90' lang='lat' dir='ltr'>creditum</span> <span class='ocrx_word' id='word_1_38' title='bbox 2477 889 2559 958; x_wconf 90' lang='lat' dir='ltr'>iri</span> <span class='ocrx_word' id='word_1_39' title='bbox 2584 897 2889 982; x_wconf 87' lang='lat' dir='ltr'>sperant.</span> <span class='ocrx_word' id='word_1_40' title='bbox 2953 887 3233 959; x_wconf 85' lang='lat' dir='ltr'>Aeterua</span> 
     </span>
     <span class='ocr_line' id='line_1_6' title="bbox 880 991 3318 1086; baseline -0.001 -24"><span class='ocrx_word' id='word_1_41' title='bbox 880 1004 1010 1076; x_wconf 87' lang='lat' dir='ltr'>est,</span> <span class='ocrx_word' id='word_1_42' title='bbox 1030 1013 1253 1084; x_wconf 90' lang='lat' dir='ltr'>eoque</span> <span class='ocrx_word' id='word_1_43' title='bbox 1281 991 1539 1062; x_wconf 89' lang='lat' dir='ltr'>invicta</span> <span class='ocrx_word' id='word_1_44' title='bbox 1567 991 1847 1076; x_wconf 79' lang='lat' dir='ltr'>veritaS,</span> <span class='ocrx_word' id='word_1_45' title='bbox 1869 1012 2100 1084; x_wconf 91' lang='lat' dir='ltr'>neque</span> <span class='ocrx_word' id='word_1_46' title='bbox 2127 992 2279 1063; x_wconf 89' lang='lat' dir='ltr'>ullis</span> <span class='ocrx_word' id='word_1_47' title='bbox 2305 1002 2539 1086; x_wconf 90' lang='lat' dir='ltr'>potest</span> <span class='ocrx_word' id='word_1_48' title='bbox 2561 991 2901 1063; x_wconf 88' lang='lat' dir='ltr'>machinis</span> <span class='ocrx_word' id='word_1_49' title='bbox 2931 992 3228 1084; x_wconf 81' lang='lat' dir='ltr'>opprimi,</span> <span class='ocrx_word' id='word_1_50' title='bbox 3317 1044 3318 1047; x_wconf 63' lang='lat'>,</span> 
     </span>
     <span class='ocr_line' id='line_1_7' title="bbox 879 1093 3222 1187; baseline -0.001 -21"><span class='ocrx_word' id='word_1_51' title='bbox 879 1095 1008 1167; x_wconf 90' lang='lat' dir='ltr'>sed</span> <span class='ocrx_word' id='word_1_52' title='bbox 1044 1116 1182 1187; x_wconf 91' lang='lat' dir='ltr'>quo</span> <span class='ocrx_word' id='word_1_53' title='bbox 1219 1094 1440 1187; x_wconf 89' lang='lat' dir='ltr'>magis</span> <span class='ocrx_word' id='word_1_54' title='bbox 1478 1093 1634 1187; x_wconf 92' lang='lat' dir='ltr'>quis</span> <span class='ocrx_word' id='word_1_55' title='bbox 1673 1094 2064 1187; x_wconf 76' lang='lat' dir='ltr'>opprimere</span> <span class='ocrx_word' id='word_1_56' title='bbox 2100 1104 2412 1180; x_wconf 89' lang='lat' dir='ltr'>conetur,</span> <span class='ocrx_word' id='word_1_57' title='bbox 2452 1116 2539 1167; x_wconf 92' lang='lat' dir='ltr'>eo</span> <span class='ocrx_word' id='word_1_58' title='bbox 2575 1095 2874 1167; x_wconf 86' lang='lat' dir='ltr'>maiores</span> <span class='ocrx_word' id='word_1_59' title='bbox 2911 1095 3123 1167; x_wconf 87' lang='lat' dir='ltr'>sumit</span> <span class='ocrx_word' id='word_1_60' title='bbox 3148 1098 3222 1164; x_wconf 78' lang='lat' dir='ltr'>vi-</span> 
     </span>
     <span class='ocr_line' id='line_1_8' title="bbox 878 1197 3213 1292; baseline 0.001 -23"><span class='ocrx_word' id='word_1_61' title='bbox 878 1220 1025 1284; x_wconf 79' lang='lat' dir='ltr'>reS,</span> <span class='ocrx_word' id='word_1_62' title='bbox 1079 1199 1571 1289; x_wconf 90' lang='lat' dir='ltr'>Lernaeaeque</span> <span class='ocrx_word' id='word_1_63' title='bbox 1618 1208 1948 1269; x_wconf 78' lang='lat' dir='ltr'>excetrae</span> <span class='ocrx_word' id='word_1_64' title='bbox 1985 1199 2231 1286; x_wconf 90' lang='lat' dir='ltr'>instar,</span> <span class='ocrx_word' id='word_1_65' title='bbox 2282 1199 2342 1270; x_wconf 89' lang='lat' dir='ltr'>si</span> <span class='ocrx_word' id='word_1_66' title='bbox 2380 1221 2592 1271; x_wconf 91' lang='lat' dir='ltr'>unum</span> <span class='ocrx_word' id='word_1_67' title='bbox 2628 1207 2838 1292; x_wconf 84' lang='lat' dir='ltr'>caput</span> <span class='ocrx_word' id='word_1_68' title='bbox 2873 1197 3213 1282; x_wconf 77' lang='lat' dir='ltr'>recidatur,</span> 
     </span>
     <span class='ocr_line' id='line_1_9' title="bbox 879 1302 3229 1396; baseline -0 -23"><span class='ocrx_word' id='word_1_69' title='bbox 879 1303 1014 1373; x_wconf 88' lang='lat' dir='ltr'>alia</span> <span class='ocrx_word' id='word_1_70' title='bbox 1062 1323 1154 1372; x_wconf 87' lang='lat' dir='ltr'>ex</span> <span class='ocrx_word' id='word_1_71' title='bbox 1199 1302 1488 1373; x_wconf 84' lang='lat' dir='ltr'>vulnere</span> <span class='ocrx_word' id='word_1_72' title='bbox 1535 1302 1749 1373; x_wconf 88' lang='lat' dir='ltr'>multa</span> <span class='ocrx_word' id='word_1_73' title='bbox 1795 1311 2175 1374; x_wconf 86' lang='lat' dir='ltr'>nascuntur</span> <span class='ocrx_word' id='word_1_74' title='bbox 2221 1302 2469 1396; x_wconf 90' lang='lat' dir='ltr'>capita.</span> <span class='ocrx_word' id='word_1_75' title='bbox 2554 1302 2779 1395; x_wconf 89' lang='lat' dir='ltr'>Serpit</span> <span class='ocrx_word' id='word_1_76' title='bbox 2829 1323 2961 1395; x_wconf 91' lang='lat' dir='ltr'>per</span> <span class='ocrx_word' id='word_1_77' title='bbox 3012 1323 3229 1372; x_wconf 84' lang='lat' dir='ltr'>omnes</span> 
     </span>
     <span class='ocr_line' id='line_1_10' title="bbox 877 1404 3228 1499; baseline 0 -22"><span class='ocrx_word' id='word_1_78' title='bbox 877 1415 1123 1499; x_wconf 83' lang='lat' dir='ltr'>gentes</span> <span class='ocrx_word' id='word_1_79' title='bbox 1161 1405 1503 1476; x_wconf 86' lang='lat' dir='ltr'>excitator</span> <span class='ocrx_word' id='word_1_80' title='bbox 1537 1405 1787 1476; x_wconf 89' lang='lat' dir='ltr'>mentis</span> <span class='ocrx_word' id='word_1_81' title='bbox 1824 1405 2091 1498; x_wconf 88' lang='lat' dir='ltr'>genius,</span> <span class='ocrx_word' id='word_1_82' title='bbox 2122 1416 2194 1476; x_wconf 94' lang='lat' dir='ltr'>et</span> <span class='ocrx_word' id='word_1_83' title='bbox 2220 1427 2403 1477; x_wconf 90' lang='lat' dir='ltr'>nunc</span> <span class='ocrx_word' id='word_1_84' title='bbox 2439 1406 2690 1477; x_wconf 86' lang='lat' dir='ltr'>lentius</span> <span class='ocrx_word' id='word_1_85' title='bbox 2724 1426 2916 1477; x_wconf 85' lang='lat' dir='ltr'>nunc</span> <span class='ocrx_word' id='word_1_86' title='bbox 2955 1404 3228 1477; x_wconf 86' lang='lat' dir='ltr'>celerius</span> 
     </span>
     <span class='ocr_line' id='line_1_11' title="bbox 876 1507 3228 1580; baseline -0 0"><span class='ocrx_word' id='word_1_87' title='bbox 876 1513 1266 1580; x_wconf 85' lang='lat' dir='ltr'>ferventem</span> <span class='ocrx_word' id='word_1_88' title='bbox 1302 1509 1453 1579; x_wconf 85' lang='lat' dir='ltr'>veri</span> <span class='ocrx_word' id='word_1_89' title='bbox 1479 1508 1845 1578; x_wconf 85' lang='lat' dir='ltr'>scintillam</span> <span class='ocrx_word' id='word_1_90' title='bbox 1874 1508 2040 1580; x_wconf 91' lang='lat' dir='ltr'>flatu</span> <span class='ocrx_word' id='word_1_91' title='bbox 2067 1529 2195 1580; x_wconf 91' lang='lat' dir='ltr'>suo</span> <span class='ocrx_word' id='word_1_92' title='bbox 2220 1510 2501 1579; x_wconf 87' lang='lat' dir='ltr'>animat.</span> <span class='ocrx_word' id='word_1_93' title='bbox 2558 1508 2739 1578; x_wconf 90' lang='lat' dir='ltr'>Vivit</span> <span class='ocrx_word' id='word_1_94' title='bbox 2765 1507 3078 1580; x_wconf 87' lang='lat' dir='ltr'>adiutrix</span> <span class='ocrx_word' id='word_1_95' title='bbox 3098 1508 3228 1580; x_wconf 85' lang='lat' dir='ltr'>eius</span> 
     </span>
     <span class='ocr_line' id='line_1_12' title="bbox 876 1611 3231 1705; baseline -0.001 -23"><span class='ocrx_word' id='word_1_96' title='bbox 876 1634 990 1684; x_wconf 87' lang='lat' dir='ltr'>res</span> <span class='ocrx_word' id='word_1_97' title='bbox 1029 1612 1327 1697; x_wconf 89' lang='lat' dir='ltr'>libraria,</span> <span class='ocrx_word' id='word_1_98' title='bbox 1367 1612 1580 1704; x_wconf 89' lang='lat' dir='ltr'>viget,</span> <span class='ocrx_word' id='word_1_99' title='bbox 1619 1611 1843 1697; x_wconf 86' lang='lat' dir='ltr'>floret,</span> <span class='ocrx_word' id='word_1_100' title='bbox 1881 1633 2012 1682; x_wconf 92' lang='lat' dir='ltr'>nec</span> <span class='ocrx_word' id='word_1_101' title='bbox 2048 1611 2330 1705; x_wconf 88' lang='lat' dir='ltr'>reprimi</span> <span class='ocrx_word' id='word_1_102' title='bbox 2364 1613 2502 1684; x_wconf 89' lang='lat' dir='ltr'>iam</span> <span class='ocrx_word' id='word_1_103' title='bbox 2538 1612 2676 1683; x_wconf 92' lang='lat' dir='ltr'>ulla</span> <span class='ocrx_word' id='word_1_104' title='bbox 2709 1612 2781 1681; x_wconf 88' lang='lat' dir='ltr'>vi</span> <span class='ocrx_word' id='word_1_105' title='bbox 2816 1620 3074 1704; x_wconf 88' lang='lat' dir='ltr'>potest.</span> <span class='ocrx_word' id='word_1_106' title='bbox 3127 1612 3231 1681; x_wconf 91' lang='lat' dir='ltr'>Ni-</span> 
     </span>
     <span class='ocr_line' id='line_1_13' title="bbox 875 1714 3222 1809; baseline 0 -24"><span class='ocrx_word' id='word_1_107' title='bbox 875 1715 971 1786; x_wconf 92' lang='lat' dir='ltr'>hil</span> <span class='ocrx_word' id='word_1_108' title='bbox 1006 1726 1150 1786; x_wconf 92' lang='lat' dir='ltr'>tam</span> <span class='ocrx_word' id='word_1_109' title='bbox 1184 1715 1646 1799; x_wconf 90' lang='lat' dir='ltr'>reconditum,</span> <span class='ocrx_word' id='word_1_110' title='bbox 1679 1723 1820 1785; x_wconf 90' lang='lat' dir='ltr'>tam</span> <span class='ocrx_word' id='word_1_111' title='bbox 1848 1715 2181 1800; x_wconf 87' lang='lat' dir='ltr'>abditum,</span> <span class='ocrx_word' id='word_1_112' title='bbox 2211 1725 2352 1787; x_wconf 88' lang='lat' dir='ltr'>tam</span> <span class='ocrx_word' id='word_1_113' title='bbox 2378 1737 2504 1809; x_wconf 92' lang='lat' dir='ltr'>pro</span> <span class='ocrx_word' id='word_1_114' title='bbox 2532 1736 2789 1787; x_wconf 85' lang='lat' dir='ltr'>arcano</span> <span class='ocrx_word' id='word_1_115' title='bbox 2819 1714 3222 1787; x_wconf 86' lang='lat' dir='ltr'>custoditum</span> 
     </span>
     <span class='ocr_line' id='line_1_14' title="bbox 875 1818 3228 1913; baseline -0 -23"><span class='ocrx_word' id='word_1_116' title='bbox 875 1830 1004 1906; x_wconf 90' lang='lat' dir='ltr'>est,</span> <span class='ocrx_word' id='word_1_117' title='bbox 1044 1818 1234 1911; x_wconf 89' lang='lat' dir='ltr'>quod</span> <span class='ocrx_word' id='word_1_118' title='bbox 1271 1839 1412 1890; x_wconf 91' lang='lat' dir='ltr'>non</span> <span class='ocrx_word' id='word_1_119' title='bbox 1448 1827 1796 1912; x_wconf 81' lang='lat' dir='ltr'>emergat,</span> <span class='ocrx_word' id='word_1_120' title='bbox 1834 1840 1975 1889; x_wconf 89' lang='lat' dir='ltr'>non</span> <span class='ocrx_word' id='word_1_121' title='bbox 2012 1818 2081 1887; x_wconf 91' lang='lat' dir='ltr'>in</span> <span class='ocrx_word' id='word_1_122' title='bbox 2116 1819 2343 1890; x_wconf 88' lang='lat' dir='ltr'>lucem</span> <span class='ocrx_word' id='word_1_123' title='bbox 2380 1820 2789 1913; x_wconf 83' lang='lat' dir='ltr'>proferatur,</span> <span class='ocrx_word' id='word_1_124' title='bbox 2831 1840 2998 1903; x_wconf 87' lang='lat' dir='ltr'>non,</span> <span class='ocrx_word' id='word_1_125' title='bbox 3041 1819 3228 1889; x_wconf 85' lang='lat' dir='ltr'>etiam</span> 
     </span>
     <span class='ocr_line' id='line_1_15' title="bbox 874 1921 3232 2016; baseline -0.001 -23"><span class='ocrx_word' id='word_1_126' title='bbox 874 1923 933 1994; x_wconf 91' lang='lat' dir='ltr'>si</span> <span class='ocrx_word' id='word_1_127' title='bbox 986 1922 1407 2015; x_wconf 87' lang='lat' dir='ltr'>aliquamdiu</span> <span class='ocrx_word' id='word_1_128' title='bbox 1454 1943 1866 2016; x_wconf 91' lang='lat' dir='ltr'>oppressum</span> <span class='ocrx_word' id='word_1_129' title='bbox 1918 1922 2154 2006; x_wconf 83' lang='lat' dir='ltr'>fuerit,</span> <span class='ocrx_word' id='word_1_130' title='bbox 2209 1931 2441 1994; x_wconf 88' lang='lat' dir='ltr'>tamen</span> <span class='ocrx_word' id='word_1_131' title='bbox 2490 1922 2712 1993; x_wconf 88' lang='lat' dir='ltr'>serius</span> <span class='ocrx_word' id='word_1_132' title='bbox 2762 1923 2964 1993; x_wconf 83' lang='lat' dir='ltr'>ocius</span> <span class='ocrx_word' id='word_1_133' title='bbox 3012 1921 3232 1995; x_wconf 79' lang='lat' dir='ltr'>,virtuti</span> 
     </span>
     <span class='ocr_line' id='line_1_16' title="bbox 875 2025 3228 2118; baseline -0.002 -20"><span class='ocrx_word' id='word_1_134' title='bbox 875 2026 1178 2098; x_wconf 87' lang='lat' dir='ltr'>debitam</span> <span class='ocrx_word' id='word_1_135' title='bbox 1229 2025 1516 2118; x_wconf 82' lang='lat' dir='ltr'>gloriam</span> <span class='ocrx_word' id='word_1_136' title='bbox 1560 2026 1912 2109; x_wconf 90' lang='lat' dir='ltr'>restituat,</span> <span class='ocrx_word' id='word_1_137' title='bbox 1950 2025 2117 2097; x_wconf 88' lang='lat' dir='ltr'>vitio</span> <span class='ocrx_word' id='word_1_138' title='bbox 2154 2025 2469 2096; x_wconf 90' lang='lat' dir='ltr'>meritam</span> <span class='ocrx_word' id='word_1_139' title='bbox 2507 2025 2835 2097; x_wconf 83' lang='lat' dir='ltr'>attribuat</span> <span class='ocrx_word' id='word_1_140' title='bbox 2868 2025 3228 2097; x_wconf 82' lang='lat' dir='ltr'>infamiam.</span> 
     </span>
     <span class='ocr_line' id='line_1_17' title="bbox 870 2127 3236 2223; baseline -0.002 -21"><span class='ocrx_word' id='word_1_141' title='bbox 870 2131 1149 2202; x_wconf 88' lang='lat' dir='ltr'>Frustra</span> <span class='ocrx_word' id='word_1_142' title='bbox 1186 2131 1561 2223; x_wconf 89' lang='lat' dir='ltr'>imperatur</span> <span class='ocrx_word' id='word_1_143' title='bbox 1596 2140 1862 2200; x_wconf 90' lang='lat' dir='ltr'>mutum</span> <span class='ocrx_word' id='word_1_144' title='bbox 1899 2149 2074 2199; x_wconf 86' lang='lat' dir='ltr'>esse.</span> <span class='ocrx_word' id='word_1_145' title='bbox 2134 2129 2487 2200; x_wconf 87' lang='lat' dir='ltr'>Inventum</span> <span class='ocrx_word' id='word_1_146' title='bbox 2516 2139 2624 2199; x_wconf 91' lang='lat' dir='ltr'>est</span> <span class='ocrx_word' id='word_1_147' title='bbox 2649 2127 2958 2201; x_wconf 87' lang='lat' dir='ltr'>dicendo</span> <span class='ocrx_word' id='word_1_148' title='bbox 2986 2138 3236 2211; x_wconf 81' lang='lat' dir='ltr'>tacere,</span> 
     </span>
     <span class='ocr_line' id='line_1_18' title="bbox 873 2230 3240 2325; baseline -0.002 -20"><span class='ocrx_word' id='word_1_149' title='bbox 873 2234 1179 2325; x_wconf 87' lang='lat' dir='ltr'>dumque</span> <span class='ocrx_word' id='word_1_150' title='bbox 1216 2243 1509 2317; x_wconf 84' lang='lat' dir='ltr'>tacetur,</span> <span class='ocrx_word' id='word_1_151' title='bbox 1547 2253 1799 2304; x_wconf 88' lang='lat' dir='ltr'>vocem</span> <span class='ocrx_word' id='word_1_152' title='bbox 1835 2230 2099 2303; x_wconf 89' lang='lat' dir='ltr'>addere</span> <span class='ocrx_word' id='word_1_153' title='bbox 2136 2232 2432 2317; x_wconf 90' lang='lat' dir='ltr'>silentio,</span> <span class='ocrx_word' id='word_1_154' title='bbox 2470 2251 2650 2324; x_wconf 87' lang='lat' dir='ltr'>quae</span> <span class='ocrx_word' id='word_1_155' title='bbox 2675 2231 2838 2324; x_wconf 88' lang='lat' dir='ltr'>quia</span> <span class='ocrx_word' id='word_1_156' title='bbox 2866 2241 2979 2302; x_wconf 92' lang='lat' dir='ltr'>est</span> <span class='ocrx_word' id='word_1_157' title='bbox 3006 2241 3240 2303; x_wconf 83' lang='lat' dir='ltr'>tacens</span> 
     </span>
     <span class='ocr_line' id='line_1_19' title="bbox 871 2334 3242 2428; baseline -0.002 -21"><span class='ocrx_word' id='word_1_158' title='bbox 871 2337 1230 2409; x_wconf 91' lang='lat' dir='ltr'>meditatio</span> <span class='ocrx_word' id='word_1_159' title='bbox 1267 2337 1468 2407; x_wconf 84' lang='lat' dir='ltr'>factis</span> <span class='ocrx_word' id='word_1_160' title='bbox 1504 2335 1872 2428; x_wconf 90' lang='lat' dir='ltr'>loquendi,</span> <span class='ocrx_word' id='word_1_161' title='bbox 1926 2356 2014 2405; x_wconf 95' lang='lat' dir='ltr'>eo</span> <span class='ocrx_word' id='word_1_162' title='bbox 2059 2336 2516 2428; x_wconf 82' lang='lat' dir='ltr'>periculosior</span> <span class='ocrx_word' id='word_1_163' title='bbox 2561 2344 2699 2420; x_wconf 91' lang='lat' dir='ltr'>est,</span> <span class='ocrx_word' id='word_1_164' title='bbox 2752 2356 2893 2427; x_wconf 86' lang='lat' dir='ltr'>quo</span> <span class='ocrx_word' id='word_1_165' title='bbox 2934 2344 3049 2406; x_wconf 90' lang='lat' dir='ltr'>est</span> <span class='ocrx_word' id='word_1_166' title='bbox 3082 2334 3242 2406; x_wconf 80' lang='lat' dir='ltr'>insi-</span> 
     </span>
     <span class='ocr_line' id='line_1_20' title="bbox 872 2438 3232 2523; baseline -0.003 -11"><span class='ocrx_word' id='word_1_167' title='bbox 872 2441 1156 2512; x_wconf 88' lang='lat' dir='ltr'>diosior.</span> <span class='ocrx_word' id='word_1_168' title='bbox 1218 2440 1358 2511; x_wconf 87' lang='lat' dir='ltr'>Sed</span> <span class='ocrx_word' id='word_1_169' title='bbox 1397 2440 1604 2511; x_wconf 83' lang='lat' dir='ltr'>fatale</span> <span class='ocrx_word' id='word_1_170' title='bbox 1639 2449 1748 2510; x_wconf 91' lang='lat' dir='ltr'>est</span> <span class='ocrx_word' id='word_1_171' title='bbox 1783 2439 1991 2510; x_wconf 89' lang='lat' dir='ltr'>rebus</span> <span class='ocrx_word' id='word_1_172' title='bbox 2027 2438 2369 2523; x_wconf 90' lang='lat' dir='ltr'>humanis,</span> <span class='ocrx_word' id='word_1_173' title='bbox 2410 2449 2506 2523; x_wconf 93' lang='lat' dir='ltr'>ut,</span> <span class='ocrx_word' id='word_1_174' title='bbox 2546 2440 2603 2510; x_wconf 89' lang='lat' dir='ltr'>si</span> <span class='ocrx_word' id='word_1_175' title='bbox 2641 2439 2859 2509; x_wconf 90' lang='lat' dir='ltr'>semel</span> <span class='ocrx_word' id='word_1_176' title='bbox 2896 2460 2941 2508; x_wconf 89' lang='lat' dir='ltr'>a</span> <span class='ocrx_word' id='word_1_177' title='bbox 2977 2460 3149 2509; x_wconf 85' lang='lat' dir='ltr'>vero</span> <span class='ocrx_word' id='word_1_178' title='bbox 3175 2448 3232 2508; x_wconf 88' lang='lat' dir='ltr'>et</span> 
     </span>
     <span class='ocr_line' id='line_1_21' title="bbox 871 2541 3239 2634; baseline -0.001 -20"><span class='ocrx_word' id='word_1_179' title='bbox 871 2555 1066 2617; x_wconf 88' lang='lat' dir='ltr'>recto</span> <span class='ocrx_word' id='word_1_180' title='bbox 1119 2544 1507 2614; x_wconf 90' lang='lat' dir='ltr'>discessum</span> <span class='ocrx_word' id='word_1_181' title='bbox 1558 2544 1677 2626; x_wconf 91' lang='lat' dir='ltr'>sit,</span> <span class='ocrx_word' id='word_1_182' title='bbox 1730 2542 1960 2612; x_wconf 90' lang='lat' dir='ltr'>omnia</span> <span class='ocrx_word' id='word_1_183' title='bbox 2010 2541 2078 2610; x_wconf 91' lang='lat' dir='ltr'>in</span> <span class='ocrx_word' id='word_1_184' title='bbox 2119 2542 2541 2614; x_wconf 90' lang='lat' dir='ltr'>contrarium</span> <span class='ocrx_word' id='word_1_185' title='bbox 2574 2551 2875 2626; x_wconf 87' lang='lat' dir='ltr'>vertant,</span> <span class='ocrx_word' id='word_1_186' title='bbox 2916 2541 3239 2634; x_wconf 85' lang='lat' dir='ltr'>quodque</span> 
     </span>
     <span class='ocr_line' id='line_1_22' title="bbox 871 2644 3232 2740; baseline -0.001 -22"><span class='ocrx_word' id='word_1_187' title='bbox 871 2648 1174 2718; x_wconf 85' lang='lat' dir='ltr'>maxime</span> <span class='ocrx_word' id='word_1_188' title='bbox 1219 2647 1373 2739; x_wconf 87' lang='lat' dir='ltr'>quis</span> <span class='ocrx_word' id='word_1_189' title='bbox 1420 2647 1635 2716; x_wconf 86' lang='lat' dir='ltr'>vitare</span> <span class='ocrx_word' id='word_1_190' title='bbox 1682 2645 1903 2738; x_wconf 88' lang='lat' dir='ltr'>cupit,</span> <span class='ocrx_word' id='word_1_191' title='bbox 1958 2645 2026 2714; x_wconf 90' lang='lat' dir='ltr'>in</span> <span class='ocrx_word' id='word_1_192' title='bbox 2074 2645 2147 2718; x_wconf 90' lang='lat' dir='ltr'>id</span> <span class='ocrx_word' id='word_1_193' title='bbox 2182 2644 2467 2718; x_wconf 88' lang='lat' dir='ltr'>vitando</span> <span class='ocrx_word' id='word_1_194' title='bbox 2505 2668 2583 2717; x_wconf 89' lang='lat' dir='ltr'>se</span> <span class='ocrx_word' id='word_1_195' title='bbox 2618 2646 2768 2739; x_wconf 89' lang='lat' dir='ltr'>ipse</span> <span class='ocrx_word' id='word_1_196' title='bbox 2806 2645 3232 2740; x_wconf 86' lang='lat' dir='ltr'>praecipitet.</span> 
     </span>
     <span class='ocr_line' id='line_1_23' title="bbox 869 2749 3236 2842; baseline -0.001 -21"><span class='ocrx_word' id='word_1_197' title='bbox 869 2751 1082 2821; x_wconf 90' lang='lat' dir='ltr'>Facto</span> <span class='ocrx_word' id='word_1_198' title='bbox 1121 2750 1471 2842; x_wconf 89' lang='lat' dir='ltr'>cognitum</span> <span class='ocrx_word' id='word_1_199' title='bbox 1508 2759 1638 2833; x_wconf 89' lang='lat' dir='ltr'>est,</span> <span class='ocrx_word' id='word_1_200' title='bbox 1671 2770 1991 2821; x_wconf 87' lang='lat' dir='ltr'>crescere</span> <span class='ocrx_word' id='word_1_201' title='bbox 2018 2750 2472 2841; x_wconf 86' lang='lat' dir='ltr'>ignorantiam</span> <span class='ocrx_word' id='word_1_202' title='bbox 2500 2749 2868 2822; x_wconf 87' lang='lat' dir='ltr'>sedulitate</span> <span class='ocrx_word' id='word_1_203' title='bbox 2898 2750 3236 2833; x_wconf 86' lang='lat' dir='ltr'>docendi;</span> 
     </span>
     <span class='ocr_line' id='line_1_24' title="bbox 870 2852 3235 2949; baseline -0 -25"><span class='ocrx_word' id='word_1_204' title='bbox 870 2853 1225 2949; x_wconf 85' lang='lat' dir='ltr'>procreari</span> <span class='ocrx_word' id='word_1_205' title='bbox 1252 2853 1676 2946; x_wconf 88' lang='lat' dir='ltr'>impietatem</span> <span class='ocrx_word' id='word_1_206' title='bbox 1696 2852 2108 2924; x_wconf 85' lang='lat' dir='ltr'>inculcanda</span> <span class='ocrx_word' id='word_1_207' title='bbox 2134 2853 2426 2946; x_wconf 88' lang='lat' dir='ltr'>pietate;</span> <span class='ocrx_word' id='word_1_208' title='bbox 2459 2852 2733 2924; x_wconf 86' lang='lat' dir='ltr'>invitari</span> <span class='ocrx_word' id='word_1_209' title='bbox 2761 2852 2853 2924; x_wconf 90' lang='lat' dir='ltr'>ad</span> <span class='ocrx_word' id='word_1_210' title='bbox 2880 2854 3235 2925; x_wconf 87' lang='lat' dir='ltr'>latrocinia</span> 
     </span>
     <span class='ocr_line' id='line_1_25' title="bbox 871 2956 3231 3049; baseline -0.001 -20"><span class='ocrx_word' id='word_1_211' title='bbox 871 2968 942 3030; x_wconf 93' lang='lat' dir='ltr'>et</span> <span class='ocrx_word' id='word_1_212' title='bbox 979 2958 1234 3029; x_wconf 92' lang='lat' dir='ltr'>caedes</span> <span class='ocrx_word' id='word_1_213' title='bbox 1272 2979 1440 3029; x_wconf 91' lang='lat' dir='ltr'>cura</span> <span class='ocrx_word' id='word_1_214' title='bbox 1458 2978 1838 3032; x_wconf 71' lang='lat' dir='ltr'>,carcerum</span> <span class='ocrx_word' id='word_1_215' title='bbox 1875 2968 2085 3049; x_wconf 88' lang='lat' dir='ltr'>atque</span> <span class='ocrx_word' id='word_1_216' title='bbox 2122 2957 2658 3049; x_wconf 81' lang='lat' dir='ltr'>ergastulorum3</span> <span class='ocrx_word' id='word_1_217' title='bbox 2716 2956 3060 3049; x_wconf 88' lang='lat' dir='ltr'>quodque</span> <span class='ocrx_word' id='word_1_218' title='bbox 3098 2979 3231 3028; x_wconf 89' lang='lat' dir='ltr'>om-</span> 
     </span>
     <span class='ocr_line' id='line_1_26' title="bbox 870 3059 3236 3155; baseline -0 -22"><span class='ocrx_word' id='word_1_219' title='bbox 870 3063 1062 3134; x_wconf 88' lang='lat' dir='ltr'>nium</span> <span class='ocrx_word' id='word_1_220' title='bbox 1113 3062 1599 3155; x_wconf 88' lang='lat' dir='ltr'>gravissimum</span> <span class='ocrx_word' id='word_1_221' title='bbox 1651 3070 1795 3145; x_wconf 91' lang='lat' dir='ltr'>est,</span> <span class='ocrx_word' id='word_1_222' title='bbox 1851 3059 2149 3132; x_wconf 87' lang='lat' dir='ltr'>cavendi</span> <span class='ocrx_word' id='word_1_223' title='bbox 2199 3060 2548 3132; x_wconf 86' lang='lat' dir='ltr'>anxietate</span> <span class='ocrx_word' id='word_1_224' title='bbox 2584 3081 2673 3131; x_wconf 88' lang='lat' dir='ltr'>ne</span> <span class='ocrx_word' id='word_1_225' title='bbox 2709 3059 2831 3152; x_wconf 91' lang='lat' dir='ltr'>qui</span> <span class='ocrx_word' id='word_1_226' title='bbox 2866 3081 2985 3131; x_wconf 88' lang='lat' dir='ltr'>res</span> <span class='ocrx_word' id='word_1_227' title='bbox 3023 3081 3236 3132; x_wconf 83' lang='lat' dir='ltr'>novas</span> 
     </span>
     <span class='ocr_line' id='line_1_27' title="bbox 869 3164 3234 3257; baseline -0.001 -19"><span class='ocrx_word' id='word_1_228' title='bbox 869 3167 1272 3250; x_wconf 82' lang='lat' dir='ltr'>moliantur,</span> <span class='ocrx_word' id='word_1_229' title='bbox 1319 3166 1586 3236; x_wconf 90' lang='lat' dir='ltr'>semina</span> <span class='ocrx_word' id='word_1_230' title='bbox 1637 3164 1772 3235; x_wconf 89' lang='lat' dir='ltr'>iaci</span> <span class='ocrx_word' id='word_1_231' title='bbox 1809 3164 2420 3257; x_wconf 86' lang='lat' dir='ltr'>conspirationum,</span> <span class='ocrx_word' id='word_1_232' title='bbox 2456 3172 2800 3247; x_wconf 87' lang='lat' dir='ltr'>motuum,</span> <span class='ocrx_word' id='word_1_233' title='bbox 2853 3165 3234 3246; x_wconf 85' lang='lat' dir='ltr'>turbarum,</span> 
     </span>
     <span class='ocr_line' id='line_1_28' title="bbox 871 3265 3242 3363; baseline -0 -22"><span class='ocrx_word' id='word_1_234' title='bbox 871 3291 1200 3363; x_wconf 88' lang='lat' dir='ltr'>armaque</span> <span class='ocrx_word' id='word_1_235' title='bbox 1237 3269 1435 3361; x_wconf 83' lang='lat' dir='ltr'>quasi</span> <span class='ocrx_word' id='word_1_236' title='bbox 1473 3268 1564 3339; x_wconf 81' lang='lat' dir='ltr'>cle</span> <span class='ocrx_word' id='word_1_237' title='bbox 1601 3267 1939 3342; x_wconf 86' lang='lat' dir='ltr'>industria</span> <span class='ocrx_word' id='word_1_238' title='bbox 1969 3268 2180 3338; x_wconf 87' lang='lat' dir='ltr'>etiam</span> <span class='ocrx_word' id='word_1_239' title='bbox 2219 3266 2448 3339; x_wconf 89' lang='lat' dir='ltr'>invitis</span> <span class='ocrx_word' id='word_1_240' title='bbox 2476 3265 2773 3338; x_wconf 89' lang='lat' dir='ltr'>obtrudi.</span> <span class='ocrx_word' id='word_1_241' title='bbox 2835 3268 2998 3352; x_wconf 84' lang='lat' dir='ltr'>Quo</span> <span class='ocrx_word' id='word_1_242' title='bbox 3026 3268 3242 3360; x_wconf 77' lang='lat' dir='ltr'>magis</span> 
     </span>
     <span class='ocr_line' id='line_1_29' title="bbox 872 3366 3236 3466; baseline -0.001 -22"><span class='ocrx_word' id='word_1_243' title='bbox 872 3372 1253 3466; x_wconf 90' lang='lat' dir='ltr'>optandum</span> <span class='ocrx_word' id='word_1_244' title='bbox 1288 3366 1429 3457; x_wconf 87' lang='lat' dir='ltr'>est,</span> <span class='ocrx_word' id='word_1_245' title='bbox 1467 3381 1544 3444; x_wconf 91' lang='lat' dir='ltr'>ut</span> <span class='ocrx_word' id='word_1_246' title='bbox 1578 3372 1656 3457; x_wconf 91' lang='lat' dir='ltr'>ii,</span> <span class='ocrx_word' id='word_1_247' title='bbox 1697 3392 1989 3464; x_wconf 89' lang='lat' dir='ltr'>quorum</span> <span class='ocrx_word' id='word_1_248' title='bbox 2026 3371 2094 3440; x_wconf 93' lang='lat' dir='ltr'>in</span> <span class='ocrx_word' id='word_1_249' title='bbox 2128 3379 2471 3463; x_wconf 82' lang='lat' dir='ltr'>potestate</span> <span class='ocrx_word' id='word_1_250' title='bbox 2509 3380 2616 3442; x_wconf 86' lang='lat' dir='ltr'>est</span> <span class='ocrx_word' id='word_1_251' title='bbox 2650 3391 2763 3444; x_wconf 87' lang='lat' dir='ltr'>res</span> <span class='ocrx_word' id='word_1_252' title='bbox 2798 3370 3125 3455; x_wconf 86' lang='lat' dir='ltr'>libraria,</span> <span class='ocrx_word' id='word_1_253' title='bbox 3160 3391 3236 3441; x_wconf 86' lang='lat' dir='ltr'>ea</span> 
     </span>
     <span class='ocr_line' id='line_1_30' title="bbox 869 3473 3240 3566; baseline -0 -21"><span class='ocrx_word' id='word_1_254' title='bbox 869 3475 1347 3546; x_wconf 89' lang='lat' dir='ltr'>moderatione</span> <span class='ocrx_word' id='word_1_255' title='bbox 1385 3484 1687 3559; x_wconf 87' lang='lat' dir='ltr'>utantur,</span> <span class='ocrx_word' id='word_1_256' title='bbox 1727 3496 1907 3566; x_wconf 92' lang='lat' dir='ltr'>quae</span> <span class='ocrx_word' id='word_1_257' title='bbox 1942 3475 2193 3545; x_wconf 86' lang='lat' dir='ltr'>iustam</span> <span class='ocrx_word' id='word_1_258' title='bbox 2228 3482 2299 3545; x_wconf 92' lang='lat' dir='ltr'>et</span> <span class='ocrx_word' id='word_1_259' title='bbox 2317 3494 2617 3565; x_wconf 79' lang='lat' dir='ltr'>aequam</span> <span class='ocrx_word' id='word_1_260' title='bbox 2646 3473 3010 3548; x_wconf 82' lang='lat' dir='ltr'>scribendi</span> <span class='ocrx_word' id='word_1_261' title='bbox 3037 3474 3240 3548; x_wconf 85' lang='lat' dir='ltr'>liber-</span> 
     </span>
     <span class='ocr_line' id='line_1_31' title="bbox 871 3575 3248 3682; baseline -0.001 -33"><span class='ocrx_word' id='word_1_262' title='bbox 871 3588 1086 3649; x_wconf 90' lang='lat' dir='ltr'>tatem</span> <span class='ocrx_word' id='word_1_263' title='bbox 1122 3578 1484 3670; x_wconf 88' lang='lat' dir='ltr'>relinquat,</span> <span class='ocrx_word' id='word_1_264' title='bbox 1520 3599 1654 3648; x_wconf 92' lang='lat' dir='ltr'>nec</span> <span class='ocrx_word' id='word_1_265' title='bbox 1693 3577 2056 3671; x_wconf 90' lang='lat' dir='ltr'>prohibeat</span> <span class='ocrx_word' id='word_1_266' title='bbox 2090 3599 2280 3661; x_wconf 89' lang='lat' dir='ltr'>vera,</span> <span class='ocrx_word' id='word_1_267' title='bbox 2311 3577 2520 3682; x_wconf 69' lang='lat' dir='ltr'>etiam</span> <span class='ocrx_word' id='word_1_268' title='bbox 2554 3576 2612 3650; x_wconf 86' lang='lat' dir='ltr'>si</span> <span class='ocrx_word' id='word_1_269' title='bbox 2649 3575 2924 3669; x_wconf 88' lang='lat' dir='ltr'>ingrata</span> <span class='ocrx_word' id='word_1_270' title='bbox 2959 3578 3248 3671; x_wconf 74' lang='lat' dir='ltr'>quihus-</span> 
     </span>
     <span class='ocr_line' id='line_1_32' title="bbox 870 3679 3240 3775; baseline 0 -22"><span class='ocrx_word' id='word_1_271' title='bbox 870 3681 1031 3753; x_wconf 88' lang='lat' dir='ltr'>dam</span> <span class='ocrx_word' id='word_1_272' title='bbox 1071 3683 1229 3766; x_wconf 88' lang='lat' dir='ltr'>sint,</span> <span class='ocrx_word' id='word_1_273' title='bbox 1268 3681 1593 3773; x_wconf 87' lang='lat' dir='ltr'>evulgari.</span> <span class='ocrx_word' id='word_1_274' title='bbox 1654 3681 1833 3750; x_wconf 90' lang='lat' dir='ltr'>Nihil</span> <span class='ocrx_word' id='word_1_275' title='bbox 1870 3681 2053 3754; x_wconf 87' lang='lat' dir='ltr'>enim</span> <span class='ocrx_word' id='word_1_276' title='bbox 2091 3681 2366 3773; x_wconf 83' lang='lat' dir='ltr'>aegrius</span> <span class='ocrx_word' id='word_1_277' title='bbox 2402 3679 2717 3751; x_wconf 88' lang='lat' dir='ltr'>homines</span> <span class='ocrx_word' id='word_1_278' title='bbox 2744 3681 3005 3766; x_wconf 82' lang='lat' dir='ltr'>ferunt,</span> <span class='ocrx_word' id='word_1_279' title='bbox 3037 3701 3240 3775; x_wconf 86' lang='lat' dir='ltr'>quam</span> 
     </span>
     <span class='ocr_line' id='line_1_33' title="bbox 869 3782 3242 3878; baseline -0.002 -22"><span class='ocrx_word' id='word_1_280' title='bbox 869 3805 1036 3856; x_wconf 89' lang='lat' dir='ltr'>vera</span> <span class='ocrx_word' id='word_1_281' title='bbox 1074 3784 1375 3855; x_wconf 89' lang='lat' dir='ltr'>dicendo</span> <span class='ocrx_word' id='word_1_282' title='bbox 1412 3784 1544 3855; x_wconf 90' lang='lat' dir='ltr'>sibi</span> <span class='ocrx_word' id='word_1_283' title='bbox 1579 3782 1916 3855; x_wconf 86' lang='lat' dir='ltr'>interdici.</span> <span class='ocrx_word' id='word_1_284' title='bbox 1983 3782 2086 3856; x_wconf 85' lang='lat' dir='ltr'>Ac</span> <span class='ocrx_word' id='word_1_285' title='bbox 2121 3785 2435 3878; x_wconf 86' lang='lat' dir='ltr'>profecto</span> <span class='ocrx_word' id='word_1_286' title='bbox 2471 3783 2657 3855; x_wconf 88' lang='lat' dir='ltr'>nulla</span> <span class='ocrx_word' id='word_1_287' title='bbox 2687 3785 2979 3877; x_wconf 78' lang='lat' dir='ltr'>gravior</span> <span class='ocrx_word' id='word_1_288' title='bbox 3011 3803 3242 3877; x_wconf 83' lang='lat' dir='ltr'>neque</span> 
     </span>
     <span class='ocr_line' id='line_1_34' title="bbox 868 3888 3240 3982; baseline -0 -23"><span class='ocrx_word' id='word_1_289' title='bbox 868 3889 1366 3960; x_wconf 87' lang='lat' dir='ltr'>intolerabilior</span> <span class='ocrx_word' id='word_1_290' title='bbox 1392 3889 1691 3958; x_wconf 89' lang='lat' dir='ltr'>servitus</span> <span class='ocrx_word' id='word_1_291' title='bbox 1719 3896 1858 3957; x_wconf 87' lang='lat' dir='ltr'>est:</span> <span class='ocrx_word' id='word_1_292' title='bbox 1890 3909 2051 3960; x_wconf 88' lang='lat' dir='ltr'>nam</span> <span class='ocrx_word' id='word_1_293' title='bbox 2081 3908 2333 3981; x_wconf 91' lang='lat' dir='ltr'>corpus</span> <span class='ocrx_word' id='word_1_294' title='bbox 2358 3888 2661 3960; x_wconf 87' lang='lat' dir='ltr'>alienare</span> <span class='ocrx_word' id='word_1_295' title='bbox 2690 3908 2733 3957; x_wconf 88' lang='lat' dir='ltr'>a</span> <span class='ocrx_word' id='word_1_296' title='bbox 2758 3888 2970 3960; x_wconf 76' lang='lat' dir='ltr'>nobis</span> <span class='ocrx_word' id='word_1_297' title='bbox 2993 3910 3240 3982; x_wconf 85' lang='lat' dir='ltr'>possu-</span> 
     </span>
     <span class='ocr_line' id='line_1_35' title="bbox 716 3990 3236 4085; baseline -0.004 -17"><span class='ocrx_word' id='word_1_298' title='bbox 716 4023 850 4084; x_wconf 64' lang='grc' dir='ltr'>μισ</span> <span class='ocrx_word' id='word_1_299' title='bbox 870 4014 1063 4065; x_wconf 88' lang='lat' dir='ltr'>mus:</span> <span class='ocrx_word' id='word_1_300' title='bbox 1106 3993 1336 4064; x_wconf 90' lang='lat' dir='ltr'>animo</span> <span class='ocrx_word' id='word_1_301' title='bbox 1372 3992 1433 4062; x_wconf 89' lang='lat' dir='ltr'>si</span> <span class='ocrx_word' id='word_1_302' title='bbox 1468 3991 1758 4075; x_wconf 86' lang='lat' dir='ltr'>veritas,</span> <span class='ocrx_word' id='word_1_303' title='bbox 1797 3993 1867 4062; x_wconf 88' lang='lat' dir='ltr'>in</span> <span class='ocrx_word' id='word_1_304' title='bbox 1901 3993 2043 4084; x_wconf 87' lang='lat' dir='ltr'>qua</span> <span class='ocrx_word' id='word_1_305' title='bbox 2077 3990 2227 4064; x_wconf 83' lang='lat' dir='ltr'>eius</span> <span class='ocrx_word' id='word_1_306' title='bbox 2263 4000 2509 4063; x_wconf 87' lang='lat' dir='ltr'>natura</span> <span class='ocrx_word' id='word_1_307' title='bbox 2544 4000 2681 4075; x_wconf 87' lang='lat' dir='ltr'>est,</span> <span class='ocrx_word' id='word_1_308' title='bbox 2721 4001 3052 4085; x_wconf 88' lang='lat' dir='ltr'>ereptum</span> <span class='ocrx_word' id='word_1_309' title='bbox 3087 3992 3236 4069; x_wconf 78' lang='lat' dir='ltr'>itur,</span> 
     </span>
     <span class='ocr_line' id='line_1_36' title="bbox 869 4094 3226 4189; baseline -0.001 -23"><span class='ocrx_word' id='word_1_310' title='bbox 869 4096 1082 4169; x_wconf 91' lang='lat' dir='ltr'>homo</span> <span class='ocrx_word' id='word_1_311' title='bbox 1120 4119 1212 4168; x_wconf 86' lang='lat' dir='ltr'>ex</span> <span class='ocrx_word' id='word_1_312' title='bbox 1246 4095 1528 4168; x_wconf 88' lang='lat' dir='ltr'>homine</span> <span class='ocrx_word' id='word_1_313' title='bbox 1566 4095 1839 4166; x_wconf 84' lang='lat' dir='ltr'>tollitur.</span> <span class='ocrx_word' id='word_1_314' title='bbox 1897 4095 1975 4167; x_wconf 90' lang='lat' dir='ltr'>Id</span> <span class='ocrx_word' id='word_1_315' title='bbox 2009 4098 2491 4169; x_wconf 70' lang='lat' dir='ltr'>facer-causus</span> <span class='ocrx_word' id='word_1_316' title='bbox 2517 4094 2637 4185; x_wconf 86' lang='lat' dir='ltr'>qui</span> <span class='ocrx_word' id='word_1_317' title='bbox 2662 4115 2890 4187; x_wconf 79' lang='lat' dir='ltr'>nuper</span> <span class='ocrx_word' id='word_1_318' title='bbox 2903 4111 3226 4189; x_wconf 73' lang='lat' dir='ltr'>magnam</span> 
     </span>
     <span class='ocr_line' id='line_1_37' title="bbox 872 4195 3222 4291; baseline 0 -22"><span class='ocrx_word' id='word_1_319' title='bbox 872 4210 1136 4291; x_wconf 91' lang='lat' dir='ltr'>partem</span> <span class='ocrx_word' id='word_1_320' title='bbox 1173 4199 1360 4270; x_wconf 89' lang='lat' dir='ltr'>orbis</span> <span class='ocrx_word' id='word_1_321' title='bbox 1397 4208 1739 4270; x_wconf 88' lang='lat' dir='ltr'>terrarum</span> <span class='ocrx_word' id='word_1_322' title='bbox 1775 4198 1980 4269; x_wconf 90' lang='lat' dir='ltr'>armis</span> <span class='ocrx_word' id='word_1_323' title='bbox 2027 4198 2431 4291; x_wconf 79' lang='lat' dir='ltr'>subegerat,</span> <span class='ocrx_word' id='word_1_324' title='bbox 2484 4199 2793 4272; x_wconf 81' lang='lat' dir='ltr'>maximo</span> <span class='ocrx_word' id='word_1_325' title='bbox 2846 4219 3014 4272; x_wconf 91' lang='lat' dir='ltr'>cum</span> <span class='ocrx_word' id='word_1_326' title='bbox 3066 4195 3222 4269; x_wconf 74' lang='lat' dir='ltr'>malo</span> 
     </span>
     <span class='ocr_line' id='line_1_38' title="bbox 868 4300 3230 4396; baseline -0.001 -25"><span class='ocrx_word' id='word_1_327' title='bbox 868 4322 997 4372; x_wconf 91' lang='lat' dir='ltr'>suo</span> <span class='ocrx_word' id='word_1_328' title='bbox 1046 4302 1318 4388; x_wconf 86' lang='lat' dir='ltr'>didicit,</span> <span class='ocrx_word' id='word_1_329' title='bbox 1368 4324 1507 4373; x_wconf 91' lang='lat' dir='ltr'>non</span> <span class='ocrx_word' id='word_1_330' title='bbox 1546 4303 1617 4373; x_wconf 89' lang='lat' dir='ltr'>vi</span> <span class='ocrx_word' id='word_1_331' title='bbox 1653 4312 1725 4372; x_wconf 90' lang='lat' dir='ltr'>et</span> <span class='ocrx_word' id='word_1_332' title='bbox 1763 4311 2061 4386; x_wconf 90' lang='lat' dir='ltr'>terrore,</span> <span class='ocrx_word' id='word_1_333' title='bbox 2113 4300 2241 4374; x_wconf 88' lang='lat' dir='ltr'>sed</span> <span class='ocrx_word' id='word_1_334' title='bbox 2294 4300 2550 4378; x_wconf 65' lang='lat' dir='ltr'>iustitia</span> <span class='ocrx_word' id='word_1_335' title='bbox 2575 4311 2661 4371; x_wconf 28' lang='lat' dir='ltr'>,et</span> <span class='ocrx_word' id='word_1_336' title='bbox 2693 4310 2947 4396; x_wconf 85' lang='lat' dir='ltr'>suapte</span> <span class='ocrx_word' id='word_1_337' title='bbox 2982 4303 3230 4374; x_wconf 79' lang='lat' dir='ltr'>virtute</span> 
     </span>
     <span class='ocr_line' id='line_1_39' title="bbox 867 4403 3238 4499; baseline 0 -25"><span class='ocrx_word' id='word_1_338' title='bbox 867 4426 1083 4496; x_wconf 91' lang='lat' dir='ltr'>quum</span> <span class='ocrx_word' id='word_1_339' title='bbox 1118 4407 1292 4478; x_wconf 86' lang='lat' dir='ltr'>alios</span> <span class='ocrx_word' id='word_1_340' title='bbox 1326 4408 1475 4499; x_wconf 89' lang='lat' dir='ltr'>regi</span> <span class='ocrx_word' id='word_1_341' title='bbox 1509 4406 2034 4499; x_wconf 11' lang='lat' dir='ltr'>vellefflpopuloS,</span> <span class='ocrx_word' id='word_1_342' title='bbox 2062 4415 2209 4478; x_wconf 89' lang='lat' dir='ltr'>tum</span> <span class='ocrx_word' id='word_1_343' title='bbox 2239 4406 2539 4478; x_wconf 80' lang='lat' dir='ltr'>maxime</span> <span class='ocrx_word' id='word_1_344' title='bbox 2568 4403 2986 4480; x_wconf 82' lang='lat' dir='ltr'>Germanos:</span> <span class='ocrx_word' id='word_1_345' title='bbox 3028 4421 3238 4498; x_wconf 79' lang='lat' dir='ltr'>quam</span> 
     </span>
     <span class='ocr_line' id='line_1_40' title="bbox 864 4507 3244 4602; baseline -0 -23"><span class='ocrx_word' id='word_1_346' title='bbox 864 4509 1092 4602; x_wconf 89' lang='lat' dir='ltr'>gentis</span> <span class='ocrx_word' id='word_1_347' title='bbox 1127 4521 1405 4582; x_wconf 86' lang='lat' dir='ltr'>nostrae</span> <span class='ocrx_word' id='word_1_348' title='bbox 1442 4519 1770 4595; x_wconf 88' lang='lat' dir='ltr'>mentem,</span> <span class='ocrx_word' id='word_1_349' title='bbox 1807 4510 1939 4581; x_wconf 89' lang='lat' dir='ltr'>nisi</span> <span class='ocrx_word' id='word_1_350' title='bbox 1976 4530 2180 4581; x_wconf 90' lang='lat' dir='ltr'>omne</span> <span class='ocrx_word' id='word_1_351' title='bbox 2201 4529 2473 4582; x_wconf 30' lang='lat' dir='ltr'>,nomen</span> <span class='ocrx_word' id='word_1_352' title='bbox 2497 4507 2935 4585; x_wconf 60' lang='lat' dir='ltr'>Germanum</span> <span class='ocrx_word' id='word_1_353' title='bbox 2969 4508 3244 4582; x_wconf 78' lang='lat' dir='ltr'>exstin-</span> 
     </span>
     <span class='ocr_line' id='line_1_41' title="bbox 864 4612 3244 4709; baseline -0.003 -25"><span class='ocrx_word' id='word_1_354' title='bbox 864 4621 1138 4707; x_wconf 87' lang='lat' dir='ltr'>guatur,</span> <span class='ocrx_word' id='word_1_355' title='bbox 1177 4614 1398 4706; x_wconf 90' lang='lat' dir='ltr'>frangi</span> <span class='ocrx_word' id='word_1_356' title='bbox 1431 4635 1573 4685; x_wconf 91' lang='lat' dir='ltr'>non</span> <span class='ocrx_word' id='word_1_357' title='bbox 1609 4633 1842 4709; x_wconf 87' lang='lat' dir='ltr'>posse,</span> <span class='ocrx_word' id='word_1_358' title='bbox 1881 4622 1983 4688; x_wconf 86' lang='lat' dir='ltr'>tot</span> <span class='ocrx_word' id='word_1_359' title='bbox 2017 4613 2303 4687; x_wconf 85' lang='lat' dir='ltr'>illustria</span> <span class='ocrx_word' id='word_1_360' title='bbox 2331 4612 2588 4704; x_wconf 76' lang='lat' dir='ltr'>ubique</span> <span class='ocrx_word' id='word_1_361' title='bbox 2616 4613 2943 4707; x_wconf 73' lang='lat' dir='ltr'>exempla</span> <span class='ocrx_word' id='word_1_362' title='bbox 2971 4621 3244 4686; x_wconf 77' lang='lat' dir='ltr'>testan-</span> 
     </span>
    </p>
   </div>
   <div class='ocr_carea' id='block_1_3' title="bbox 3298 3 3328 5292">
    <p class='ocr_par' dir='ltr' id='par_1_3' title="bbox 3298 3 3328 5292">
     <span class='ocr_line' id='line_1_42' title="bbox 3298 3 3328 5292; baseline 0 0"><span class='ocrx_word' id='word_1_363' title='bbox 3298 3 3328 5292; x_wconf 95' lang='lat' dir='ltr'> </span> 
     </span>
    </p>
   </div>
  </div>
 </body>
</html>
