3328 5326
704 366 826 429 448
1421 362 1546 424 ΟΒ.
1585 364 1664 425 IN
1697 364 1796 424 lv.
1833 361 2043 427 FEST.
2079 361 2343 426 SECUL.

702 567 773 627 et
821 554 1163 649 religiosis
1211 555 1731 640 contentione8‚
1785 553 2355 647 philosophorum
2406 553 2499 626 de
2549 552 2808 627 divinis
2867 564 3071 647 atque

703 659 1026 732 humanis
1061 658 1271 729 rebus
1309 659 1703 751 pertinaces
1740 656 2268 751 disputationes,
2298 658 2732 750 aliorumque
2758 658 3075 729 innume-

704 763 1018 839 rabilium
1057 761 1148 833 de
1184 783 1310 841 sua
1348 762 1688 859 cuiusque
1724 770 1872 832 arte
1910 782 1994 832 ac
2022 760 2387 854 disciplina
2414 763 3072 833 commentationes:

700 888 884 960 quae
920 866 1153 939 omnia
1190 875 1519 958 quantam
1555 886 1908 957 quamque
1959 867 2366 949 immensam
2416 864 2814 959 producunt
2866 865 3078 935 libro-

580 997 633 1051 ρ.
654 989 680 1035 ἰ
703 992 855 1043 rum
893 970 1187 1063 copiam,
1227 990 1524 1061 quorum
1558 968 1971 1061 redempti0‚
2010 969 2398 1063 impressio,
2437 968 2746 1040 venditio
2774 970 3078 1061 quantiS,

703 1096 913 1167 quam
949 1072 1195 1155 variiS,
1251 1094 1461 1164 quam
1509 1071 1852 1145 diuturnis
1893 1093 2069 1165 opus
2121 1072 2334 1144 habet
2382 1072 2804 1165 sumptibuS,
2857 1094 3086 1164 quan-

703 1188 989 1269 tumque
1024 1175 1223 1247 affert
1257 1175 1341 1246 iis
1379 1175 1496 1268 qui
1532 1175 1780 1247 harum
1816 1198 2049 1247 rerum
2087 1197 2327 1247 curam
2357 1186 2774 1269 receperunt
2801 1174 3082 1269 pericu-

703 1283 844 1375 lum
901 1280 1227 1351 iacturae.
1322 1279 1529 1363 Quod
1586 1279 1644 1351 si
1696 1279 1946 1351 eadem
2013 1280 2497 1372 proportione,
2559 1301 2698 1371 qua
2749 1291 3082 1353 crescunt

702 1383 1048 1477 praesidia
1083 1383 1579 1467 doctrinarum,
1618 1382 1826 1454 etiam
1865 1382 2104 1455 utendi
2141 1383 2272 1455 illis
2322 1382 2687 1476 praesidiis
2741 1392 3080 1477 opportu-

702 1487 951 1559 nitates
996 1496 1417 1579 augerentur
1435 1540 1452 1571 ,
1504 1508 1644 1557 non
1689 1497 1879 1559 esset
1914 1486 2300 1561 verendum
2347 1507 2436 1556 ne
2473 1486 2643 1578 quid
2677 1486 3082 1558 detrimenti

700 1613 795 1665 ex
829 1601 1020 1663 tanta
1054 1592 1236 1662 mole
1264 1611 1393 1662 sua
1418 1602 1706 1684 caperet
1731 1590 2168 1691 resffiibraria.
2229 1589 2427 1661 Nunc
2456 1610 2626 1661 vero
2656 1592 3082 1665 contrarium

700 1693 807 1779 fit,
847 1716 1061 1786 quum
1096 1716 1235 1786 quo
1272 1693 1493 1787 magis
1528 1694 1820 1767 materia
1857 1704 2063 1786 atque
2100 1694 2630 1779 instrumentum
2666 1693 3084 1767 eruditionis

702 1798 1037 1891 augescit,
1077 1818 1163 1869 eo
1198 1797 1563 1890 malignius
1600 1797 1896 1869 alendae
1922 1797 2475 1890 nutriendaeque
2503 1797 2880 1869 eruditioni
2911 1820 3085 1870 con-

700 1901 833 1973 suli
872 1901 1210 1974 videatur.
1270 1900 1444 1972 Nam
1479 1903 1857 1995 praecipua
1894 1901 2111 1973 seculi
2148 1923 2313 1973 cura
2351 1922 2439 1972 eo
2478 1901 2722 1987 tendit,
2766 1911 2861 1988 ut,
2906 1914 3085 1972 tam-

700 2028 909 2098 quam
945 2006 1016 2075 in
1054 2016 1465 2090 mercatura,
1503 2004 1872 2098 diligenter
1899 2004 2260 2076 subductis
2286 2005 2668 2077 rationibus
2695 2026 2783 2075 ea
2809 2015 3085 2077 tantum

701 2118 1228 2203 comparentur,
1284 2130 1465 2200 quae
1515 2109 1748 2180 statim
1799 2109 1871 2178 in
1922 2130 2120 2180 usum
2173 2129 2382 2179 versa
2422 2129 2758 2201 praesens
2809 2110 3087 2181 lucrum

700 2213 1010 2284 afferant.
1071 2213 1244 2282 Hinc
1273 2213 1633 2284 festinatur
1660 2211 1996 2285 institutio
2024 2233 2400 2305 puerorum
2428 2223 2637 2304 atque
2665 2211 3090 2283 adolescen-

700 2317 909 2401 tium,
963 2325 1033 2388 ut
1080 2337 1288 2409 quam
1328 2317 1655 2409 plurima,
1695 2327 1767 2388 et
1803 2325 2034 2387 tamen
2071 2316 2142 2384 in
2177 2315 2258 2384 iis
2294 2314 2484 2386 haud
2519 2336 2746 2408 pauca
2785 2317 3085 2403 inutilia,

699 2442 908 2512 quam
943 2420 1356 2492 brevissimo
1395 2430 1709 2512 tempore
1746 2419 2122 2504 discentes,
2154 2428 2419 2490 tantum
2448 2418 2581 2490 sibi
2607 2420 2819 2492 modo
2849 2421 3088 2493 scien-

700 2524 836 2597 tiae
874 2534 1155 2616 parent,
1194 2534 1526 2615 quantum
1565 2544 1743 2617 opus
1788 2525 1876 2595 sit
1912 2522 2003 2594 ad
2039 2543 2328 2594 munera
2365 2522 2589 2594 civilia
2629 2522 3087 2597 mediocriter

701 2624 1032 2720 gerenda,
1071 2627 1426 2720 impensae
1466 2635 1699 2698 autem
1736 2626 1804 2697 in
1855 2625 2229 2698 litterarum
2278 2627 2539 2700 cultum
2591 2626 3088 2702 tamcircum-

699 2739 941 2824 specte
976 2741 1048 2801 et
1082 2751 1316 2824 parce,
1357 2751 1565 2822 quam
1599 2731 1793 2822 large
1831 2739 1903 2801 et
1937 2732 2220 2824 profuse
2257 2732 2328 2801 in
2364 2752 2486 2802 eas
2524 2753 2636 2802 res
2666 2730 2862 2818 fiunt,
2898 2756 3086 2825 quae

701 2834 1089 2909 eruditione
1140 2845 1212 2905 et
1260 2833 1504 2905 studiis
1558 2834 1936 2906 litterarum
1985 2833 2291 2926 potiores
2341 2834 2708 2906 habentur.
2795 2836 2976 2907 Nam
3026 2839 3085 2908 si

700 2937 812 3008 hic
849 2938 984 3009 illic
1013 2937 1256 3009 litteris
1284 2958 1424 3007 non
1452 2948 1736 3031 propter
1764 2937 2127 3009 utilitatem
2158 2939 2604 3031 reipublicae,
2633 2938 2760 3010 sed
2788 2950 3085 3034 propter

700 3042 1004 3136 ipsarum
1042 3041 1450 3135 dignitatem
1487 3043 1669 3114 iusta
1717 3042 2126 3113 liberalitate
2172 3043 2624 3138 prospicitur,
2675 3052 2746 3114 at
2798 3044 2867 3113 in
2924 3046 3086 3116 uni-

700 3168 982 3218 versum
1018 3155 1252 3217 tamen
1287 3144 1561 3239 plurimi
1600 3166 1843 3216 eorum
1882 3145 2096 3237 quiin
2124 3146 2365 3218 litteris
2393 3156 2761 3218 versantur
2789 3168 2877 3218 ea
2905 3169 3083 3219 con-

699 3249 962 3322 ditione
1012 3259 1208 3335 sunt,
1262 3258 1337 3320 ut
1388 3270 1477 3319 ne
1528 3247 1778 3320 officiis
1830 3248 2116 3341 quidem
2166 3249 2309 3322 suis
2359 3250 2627 3343 possint
2676 3272 2849 3343 prae
2888 3253 3079 3323 vitae

699 3352 1197 3424 sustentandae
1234 3374 1402 3423 cura
1436 3353 1858 3426 satisfacere.
1928 3353 2016 3423 Et
2050 3363 2284 3426 tamen
2320 3352 2566 3424 horum
2604 3363 2852 3425 tenues
2891 3356 3082 3427 redi-

700 3465 811 3527 tus
850 3455 1038 3526 haud
1074 3477 1230 3526 raro
1268 3476 1408 3526 non
1443 3456 1653 3527 modo
1690 3478 1833 3527 non
1871 3458 2149 3550 augeri,
2188 3456 2314 3528 sed
2361 3457 2569 3528 etiam
2618 3456 2834 3528 minui
2886 3459 3081 3530 solli-

699 3559 974 3652 citeque
1022 3558 1427 3630 circumcidi
1476 3560 1813 3631 videmus.
1898 3560 1998 3630 Ita
2046 3561 2241 3632 multi
2289 3559 2652 3634 doctorum
2711 3561 2956 3633 labore
3008 3574 3077 3635 et

702 3663 887 3736 curis
923 3663 1175 3733 misere
1213 3663 1740 3747 contabescunt,
1780 3663 2096 3735 homines
2133 3663 2379 3734 nefarii
2414 3675 2649 3736 autem
2688 3673 2760 3735 et
2796 3667 3076 3760 capitali

699 3767 1036 3860 supplicio
1074 3765 1265 3859 digni
1301 3787 1436 3836 non
1479 3766 1688 3837 modo
1726 3768 2000 3851 vivunt,
2053 3768 2407 3860 victuique
2443 3789 2682 3838 eorum
2732 3778 2808 3839 et
2856 3770 3073 3843 cultui

699 3870 767 3940 in
797 3869 1267 3942 saluberrimis
1295 3870 1464 3942 locis
1492 3871 1846 3963 provisum
1876 3880 1983 3942 est
2008 3869 2672 3956 munificentissime,
2703 3872 2834 3944 sed
2863 3874 3072 3945 etiam

698 3973 881 4045 bene
917 3996 994 4045 se
1033 3973 1326 4058 habent,
1380 3973 1749 4066 ridentque
1793 3974 2264 4059 clementiam,
2315 3997 2453 4068 qua
2502 3996 2670 4045 mox
2715 3975 2956 4048 denuo
2999 3976 3068 4046 in

697 4077 1074 4168 proborum
1110 4078 1367 4149 civium
1403 4077 1782 4171 perniciem
1840 4078 1976 4148 sint
2020 4078 2322 4151 abusuri.
2406 4078 2851 4151 Admirabilis
2904 4101 3074 4153 vero

700 4181 915 4251 seculi
952 4180 1365 4266 humanitas,
1404 4173 1581 4273 ‘quae
1619 4181 1922 4252 liberalis
1959 4182 2030 4254 in
2066 4182 2402 4274 perditoS,
2439 4203 2650 4275 parca
2686 4193 2798 4254 est
2833 4185 2923 4256 ad
2962 4205 3067 4270 ea,

696 4284 768 4353 in
804 4283 1054 4374 quibus
1091 4286 1321 4356 anima
1357 4285 1779 4378 reipublicae
1817 4294 1888 4356 et
1923 4285 2140 4356 vitalis
2178 4286 2455 4379 spiritus
2493 4296 2618 4357 est.
2706 4287 2894 4358 Haec
2946 4309 3072 4360 ne-

696 4386 948 4480 glectio
985 4396 1191 4480 atque
1228 4389 1652 4482 contemptio
1691 4409 1971 4474 eorum,
2009 4410 2184 4482 quos
2221 4411 2348 4483 pro
2387 4410 2749 4461 munerum
2785 4412 3066 4463 suorum

697 4501 907 4584 atque
968 4489 1353 4564 officiorum
1415 4491 1683 4564 ratione
1746 4492 2132 4568 erudiendo
2196 4493 2729 4585 excolendoque
2806 4494 3062 4588 populo

694 4615 979 4689 operam
1017 4614 1277 4665 navare
1315 4596 1704 4689 oportebat,
1743 4618 2071 4690 magnum
2110 4606 2535 4669 momentum
2571 4598 2782 4668 etiam
2807 4596 2899 4669 ad
2922 4606 3062 4670 sta-
