3328 5326
706 380 828 442 228
1674 375 2102 438 EURIPIDES.

704 570 935 642 ciendi
989 579 1217 651 erant,
1257 566 1384 638 sed
1436 577 1752 638 correcto
1797 588 2034 637 errore
2071 567 2342 638 scribae
2380 575 2570 637 recte
2610 567 3066 638 connectendi

706 697 865 746 cum
900 671 1349 766 praegressiS,
1389 673 1457 740 εἰ
1487 673 1547 741 δ’
1587 675 1655 747 ἐς
1690 669 2082 761 μεταβολὰς
2116 666 2343 765 ἦλθον
2381 668 2521 740 ἀπὸ
2549 671 2792 741 δεινῶν
2819 668 3057 760 λόγων.

910 776 988 845 V.
1025 777 1194 847 523.
1230 776 1459 867 inepta
1498 774 1824 846 continet.
1886 773 2380 844 Scribendum:

1013 880 1256 949 κούδέν
1290 904 1361 967 γε
1399 875 1733 972 χρηστόν,
1778 872 1862 946 οὗ
1901 876 1973 947 δὲ
2006 874 2395 971 χρήσιμον,
2429 874 2703 971 πικρόν.

702 981 1025 1052 Omnium
1051 980 1594 1052 luculentissime
1621 980 1802 1050 hanc
1839 980 2253 1050 sententiam
2281 981 2596 1050 elocutus
2626 990 2732 1052 est
2760 978 3065 1076 Aeschy-

703 1088 811 1157 lus
847 1086 1086 1178 Agam.
1128 1083 1307 1154 4444
1331 1139 1344 1153 .
1379 1082 1518 1153 ἀπὸ
1569 1082 1642 1153 δὲ
1685 1080 2070 1174 θεσφάτων
2118 1082 2225 1159 τίς
2262 1081 2502 1172 ἀγαθὰ
2539 1079 2753 1175 φάτις
2785 1090 3066 1178 βροτοῖς

702 1190 1048 1281 τέλλεται,
1104 1187 1329 1257 κακῶν
1371 1186 1503 1280 γὰρ
1554 1185 1700 1255 διαὶ
1749 1190 2110 1262 πολυεπεῖς
2146 1187 2386 1275 τέχναι
2418 1186 2806 1275 θεσπιῳδοὶ
2844 1184 3075 1279 φόβον

703 1293 1036 1387 φέρουσιν
1072 1294 1361 1381 μαθεῖν.

903 1393 977 1463 V.
1016 1396 1161 1464 533
1203 1415 1352 1484 sqq.
1386 1390 1689 1461 absurde
1724 1394 2317 1483 Agamemnonem
2351 1400 2664 1462 metuere
2702 1413 2790 1461 ne
2821 1391 3064 1462 Achivi

699 1519 775 1568 se
821 1507 891 1567 et
943 1496 1334 1567 Menelaum
1387 1495 1814 1565 interfecturi
1865 1495 2313 1587 eversurique
2365 1505 2436 1565 et
2479 1496 2805 1566 vastaturi
2841 1496 3073 1588 Argos

697 1601 865 1685 sint,
920 1610 1110 1670 recte
1172 1598 1521 1669 adnotavit
1579 1597 1655 1667 G.
1706 1596 2129 1669 Dindorfius.
2240 1597 2526 1672 Videtur
2588 1599 3061 1691 interpolator,

695 1726 906 1797 quum
941 1725 1187 1774 versus
1225 1704 1592 1773 lacunosos
1630 1700 2032 1784 invenisset,
2065 1702 2325 1772 atrocia
2352 1723 2479 1795 pro
2509 1723 2637 1773 suo
2667 1711 2877 1795 captu
2906 1723 3067 1773 esse

693 1816 1146 1879 commentus.
1219 1804 1620 1898 Euripidem
1664 1803 1767 1874 sic
1805 1804 2165 1898 scripsisse
2201 1805 2513 1876 credam:

1938 1909 2016 1984 ὃς
2053 1906 2500 2003 ξυναρπάσας
2536 1905 2751 2004 κόρην

1005 2011 1266 2105 σφάξαι
1314 2006 1643 2099 κελεύσει,
1687 2011 1816 2081 κᾶν
1849 2012 2031 2082 θέλω
2082 2011 2209 2080 κᾶν
2244 2010 2341 2107 μὴ
2379 2013 2590 2101 θέλω.

1001 2115 1302 2185 τοιαῦτα
1337 2112 1529 2205 τάμὰ
1565 2110 1876 2210 πήματα.

896 2219 972 2288 V.
1010 2217 1179 2289 544.
1228 2218 1453 2288 editor
1489 2216 1894 2301 BritannuS,
1950 2218 2066 2309 qui
2121 2216 2410 2288 ridicule
2459 2217 2741 2308 negavit
2791 2218 3058 2290 Graece

690 2322 827 2393 dici
884 2321 1079 2417 σιγὴν
1128 2319 1534 2414 φυλάσσειν,
1590 2320 1727 2390 hoc
1765 2329 1994 2390 tamen
2049 2342 2191 2390 non
2235 2322 2414 2390 male
2466 2321 2828 2407 iudicavit,
2876 2323 3065 2416 Aga--

689 2446 1164 2508 memnonem,
1220 2423 1338 2516 qui
1380 2445 1721 2514 nusquam
1762 2423 2053 2495 chorum
2090 2424 2388 2516 alloquio
2426 2423 2784 2517 dignetur,
2822 2424 2939 2497 hic
2994 2428 3059 2496 in

688 2550 957 2600 summo
1010 2527 1256 2597 dolore
1300 2547 1441 2595 non
1491 2525 1836 2597 dicturum
1874 2527 2088 2598 fuisse
2123 2528 2324 2618 ὑμεῖς
2359 2554 2434 2597 τε
2472 2526 2699 2623 σιγὴν,
2744 2524 2796 2599 ὦ
2836 2530 3051 2619 ξέναι,

689 2627 1098 2723 φυλάσσετε.
1198 2629 1519 2700 Debebat
1568 2651 1738 2701 vero
1788 2630 1923 2700 hoc
1975 2629 2276 2715 addere,
2337 2631 2536 2723 gravi
2583 2631 2812 2725 aliquo
2865 2633 3063 2705 dicto·

688 2732 866 2804 finiri
916 2755 1199 2805 scenam
1254 2733 1675 2826 oportuisse,
1724 2735 2130 2826 praesertim
2168 2744 2505 2826 sequente
2544 2736 2850 2806 carmine
2888 2737 3059 2808 cho-

685 2837 851 2908 rico.
956 2837 1184 2908 Sensit
1237 2836 1354 2929 qui
1420 2836 1605 2908 hunc
1657 2859 1936 2908 versum
1990 2838 2293 2922 addidit,
2360 2838 2608 2909 mirum
2660 2861 2817 2910 esse
2868 2841 3057 2933 quod

684 2941 900 3026 chori,
940 2941 1057 3034 qui
1095 2951 1168 3011 et
1206 2941 1421 3011 rixam
1462 2941 1759 3011 Menelai
1797 2963 1957 3013 cum
1993 2963 2222 3026 serv0,
2254 2951 2325 3012 et
2361 2942 2881 3014 altercationem
2919 2946 3065 3014 fra--

684 3056 887 3131 trum,
927 3054 998 3115 et
1032 3044 1198 3138 quid
1235 3044 1631 3138 Iphigeniae
1668 3055 2026 3136 pararetur
2063 3044 2434 3130 audiverit,
2476 3054 2617 3115 tam
2652 3047 2840 3117 nulla
2877 3048 3053 3118 ratio

680 3148 1009 3234 habetur,
1064 3158 1139 3220 ut
1187 3170 1276 3218 ne
1331 3149 1638 3240 cogitare
1686 3149 1967 3241 quidem
2004 3147 2434 3241 Agamemno
2484 3148 2805 3221 videatur
2849 3150 3046 3244 prodi

681 3252 769 3322 ab
817 3253 923 3322 his
972 3252 1350 3344 virginibus
1405 3273 1554 3321 rem
1605 3272 1815 3344 posse
1853 3252 2461 3344 Clytaemnestrae.
2544 3253 2801 3325 Verum
2853 3254 3049 3324 Euri-

678 3354 912 3447 pideS,
965 3355 1288 3446 quoniam
1339 3354 1552 3425 choro
1608 3364 1841 3425 tamen
1880 3376 2054 3447 opus
2092 3365 2239 3424 erat
2275 3354 2705 3449 tragoediae,
2747 3356 3047 3450 virgines

681 3480 773 3528 ex
800 3457 1122 3527 Chalcide
1153 3457 1549 3541 introduxit,
1571 3479 1753 3550 quae
1780 3466 1855 3528 ut
1882 3458 2291 3550 peregrinae
2320 3481 2460 3530 non
2490 3480 2783 3530 ausurae
2815 3470 3056 3532 essent

525 3591 657 3652 pas
680 3562 888 3632 rebus
936 3582 1116 3652 quae
1161 3561 1229 3629 in
1281 3559 1530 3630 Aulide
1586 3569 1959 3654 agerentur
2007 3583 2084 3632 se
2134 3561 2546 3632 immiscere.
2630 3563 3034 3635 Aulidenses

678 3665 864 3737 enim
902 3664 1174 3757 aegrius
1213 3663 1531 3734 tulissent
1565 3686 1692 3735 sua
1730 3664 1798 3733 in
1836 3665 2008 3736 urbe
2061 3665 2503 3737 innocentem
2539 3666 2880 3757 virginem
2917 3668 3036 3736 im-

677 3770 936 3840 molari.
1025 3768 1398 3861 Propterea
1449 3766 1737 3839 chorum
1792 3789 1876 3838 ea
1921 3778 2187 3839 tantum
2236 3790 2416 3862 quae
2454 3770 2849 3841 communia
2887 3780 3037 3842 sunt

678 3873 1018 3944 comitatis
1057 3870 1289 3943 officia
1323 3881 1683 3964 praestare
1719 3872 1903 3942 fecit.

878 3977 954 4047 V.
993 3975 1162 4047 548.
1194 3998 1333 4047 non
1372 3975 1716 4047 debebam
1762 3974 2045 4066 quidem
2090 3977 2488 4066 μελομένων
2526 3978 2830 4070 οἴστρων
2871 3978 3029 4048 scri-

673 4078 874 4162 bere,
930 4079 1057 4150 sed
1108 4079 1226 4172 qui
1274 4080 1723 4170 μαινομένων
1774 4078 1844 4147 in
1896 4079 2158 4151 diurnis
2212 4078 2640 4149 scholasticis
2694 4101 2755 4150 a.
2815 4082 3019 4151 1833.

672 4204 739 4274 p.
776 4184 944 4251 635.
977 4180 1288 4253 firmasse
1339 4180 1754 4273 quibusdam
1789 4182 1980 4271 visus
2019 4192 2147 4267 est,
2187 4182 2692 4267 MehlhorniuS,
2733 4183 3026 4279 perdidit

675 4306 976 4377 operam.
1061 4284 1503 4357 Gravioribus
1554 4285 1738 4355 enim
1792 4285 2213 4379 argumentis
2266 4307 2440 4378 opus
2476 4296 2697 4371 esset,
2750 4297 2823 4357 ut
2882 4286 3024 4380 quis

674 4388 1024 4481 dactylum
1061 4388 1129 4457 in
1165 4388 1299 4459 hoc
1335 4408 1596 4481 genere
1632 4409 1953 4460 versuum
1983 4388 2333 4461 tribracho
2362 4389 2790 4482 respondere
2824 4409 3029 4483 posse

674 4491 1062 4574 evinceret,
1117 4503 1482 4584 postquam
1530 4491 1880 4583 cognitum
1935 4502 2044 4562 est
2088 4492 2302 4563 multo
2353 4493 2612 4564 maiore
2661 4494 3031 4567 severitate

672 4617 880 4688 quam
944 4593 1105 4665 olim
1171 4595 1586 4667 credebatur
1637 4606 2060 4688 exaequatas
2128 4616 2286 4667 esse
2335 4595 2595 4689 pedum
2645 4615 3021 4673 mensuras.
