3328 5326
694 377 717 435 1
734 376 815 435 66
1609 373 2092 439 AEscnYms.

1180 564 1363 657 κάγώ
1399 568 1657 656 χέουσα
1689 566 1896 645 τάςδε
1928 568 2254 663 χέρνιβας
2288 570 2580 659 φθιτοῖς

1178 671 1373 760 λέγω.

689 772 889 858 Quae
935 794 1148 867 quum
1199 772 1295 843 ita
1343 772 1515 857 sint,
1554 793 1700 844 non
1748 783 1855 845 est
1903 771 2398 857 dubitandum,
2449 769 2622 864 quin
2673 770 3064 863 sepulcrum

694 876 1234 969 Agamemnonis
1287 875 1359 946 in
1406 876 1720 969 margine
1772 876 2123 970 proscenii
2171 876 2289 960 sit,
2340 896 2598 967 neque-
2621 884 2742 946 aut
2787 873 3062 946 Electra

691 991 935 1051 contra
994 1000 1266 1051 morem
1341 978 1750 1072 tragoediae
1822 981 1893 1051 in
1929 1029 1936 1036 -
1970 979 2399 1053 orchestram
2466 977 2887 1061 descendat,
2937 987 3065 1050 ‹aut

690 1083 977 1155 Orestes
1025 1105 1184 1160 cum
1223 1082 1482 1176 Pylade
1528 1104 1669 1154 non
1719 1104 1812 1153 ex
1861 1084 2221 1177 superiore
2267 1081 2460 1158 aditu
2511 1082 2581 1152 in
2625 1080 3065 1175 proscenium

692 1186 1007 1281 prodeat.

896 1287 1008 1360 Ad
1060 1312 1126 1358 v.
1172 1291 1342 1360 861.
1386 1288 1815 1383 adscriptum
1866 1300 1977 1361 est
2026 1289 2313 1362 chorum
2368 1311 2448 1361 se
2510 1298 2669 1382 post
2715 1286 3066 1380 thymelen

692 1393 1027 1486 recipere.
1089 1392 1370 1464 Scilicet
1394 1393 1823 1486 Droysenius
1849 1415 2010 1465 eum
2040 1392 2409 1468 considere
2446 1394 2594 1468 vult
2625 1392 2719 1464 ad
2754 1412 3068 1466 aversum

692 1519 734 1569 a
769 1497 1141 1591 proscenio
1178 1496 1356 1567 latus
1394 1496 1768 1590 thymelae.
1822 1496 1916 1568 At
1948 1496 2254 1591 thymele
2291 1497 2363 1567 in
2401 1517 2571 1567 area
2608 1495 2862 1570 theatri
2897 1503 3062 1577 erat,

691 1621 876 1694 quae
903 1610 975 1671 et
1002 1596 1358 1696 ὀρχήστρα
1388 1610 1461 1670 et
1484 1598 1821 1697 κονίστρα
1856 1601 2262 1686 vocabatur,
2292 1622 2435 1673 non
2471 1600 2540 1670 in
2571 1621 2659 1671 ea
2683 1598 3063 1680 orchestra,

693 1725 876 1797 quae
922 1724 1134 1797 super
1190 1703 1494 1774 conistra
1549 1724 1643 1774 ex
1692 1704 2005 1777 trabibus
2055 1704 2146 1776 ad
2200 1725 2404 1778 usum
2461 1703 2652 1776 chori
2705 1702 2951 1796 tragici
3004 1713 3069 1772 et

695 1808 945 1879 comici
996 1816 1389 1892 exstructa,
1430 1806 1719 1878 dimidio
1772 1808 2001 1879 minor
2050 1808 2163 1879 illa
2215 1808 2577 1892 inferiore,
2615 1827 2654 1876 a
2701 1804 3068 1900 proscenio

535 1937 673 2000 pao
694 1933 919 2004 usque
953 1931 1042 1982 eo
1077 1910 1509 2004 pertinebat,
1551 1910 1670 1981 ubi
1723 1911 1794 1980 in
1844 1912 2147 1984 conistra
2184 1922 2336 1984 erat
2371 1911 2693 2004 thymele.
2777 1908 3068 1982 Omnino

695 2037 836 2086 non
874 2014 1152 2087 videtur
1190 2014 1337 2084 veri
1376 2014 1600 2085 simile
1637 2026 1714 2086 ut
1751 2015 2039 2100 chorus,
2076 2015 2196 2108 qui
2237 2015 2374 2088 iam
2421 2031 2690 2088 necem·
2713 2014 3068 2084 imminere

693 2117 1237 2212 Agamemnonis
1303 2118 1865 2191 interfectoribus
1917 2118 2164 2189 videns
2216 2118 2516 2204 secedit,
2582 2118 2650 2187 in
2704 2116 3069 2211 propatulo

695 2221 1100 2294 orchestrae
1137 2222 1494 2307 consistat,
1535 2243 1677 2314 quo
1715 2224 1870 2293 loco
1899 2232 2251 2316 spectator
2288 2224 2516 2316 potius
2553 2221 2886 2296 facinoris
2921 2237 3071 2292 esse

695 2326 902 2411 velle,
940 2347 1148 2418 quam
1186 2324 1351 2394 nihil
1390 2325 1651 2395 vidisse
1689 2325 2062 2398 videretur.
2150 2325 2365 2397 Multo
2408 2326 2712 2419 aptiores
2748 2325 2843 2398 ad
2879 2344 3071 2394 sece-

697 2428 1008 2500 dendum
1061 2427 1290 2499 aditus
1343 2428 1750 2499 orchestrae
1810 2439 2006 2502 sunt:
2078 2451 2431 2522 quumque
2491 2428 2759 2520 ubique
2824 2436 3071 2522 poetae

695 2531 957 2603 scenici
990 2530 1184 2624 paria
1222 2530 1506 2624 paribus
1535 2552 1960 2648 componere
1988 2533 2281 2617 soleant,
2320 2554 2462 2604 non
2490 2533 2807 2606 fallemur
2839 2530 3069 2612 crede,

693 2635 754 2707 si
783 2634 1180 2751 putabimus
1216 2633 1561 2707 chorum
1542 2656 1612 2704 m
1649 2634 1931 2707 diversa
1958 2635 2391 2722 discessisse,
2432 2646 2509 2711 ut
2529 2637 2829 2711 alterum
2859 2634 3072 2709 hemi-

695 2739 1010 2811 chorium
1046 2759 1125 2809 se
1162 2738 1232 2808 in
1269 2738 1477 2811 dext·
1481 2761 1620 2824 um
1659 2739 2010 2815 alterum
1993 2763 2064 2811 m
2089 2740 2445 2813 sinistrum
2482 2741 2752 2813 aditum
2785 2759 3071 2833 recepe-

695 2843 817 2929 rit,
856 2863 949 2913 ex
1015 2840 1269 2934 quibus
1320 2842 1553 2936 paullo
1617 2853 1777 2936 post
1826 2866 2039 2936 quum
2086 2865 2387 2917 vacuum
2439 2854 2547 2916 est
2602 2843 3066 2939 proscenium,

693 2946 1123 3041 prodeuntes
1161 2947 1431 3019 alterna
1466 2956 1748 3018 canunt.

902 3049 1011 3121 Ad
1038 3073 1103 3120 v.
1141 3052 1312 3122 883.
1346 3049 1609 3123 dictum
1642 3060 1784 3134 est,
1823 3050 1893 3119 in
1945 3070 2196 3143 genua-
2223 3050 2592 3143 providem
2638 3050 3071 3144 Clytaemne-

693 3164 931 3226 stram.
1015 3153 1278 3224 Vereor
1315 3175 1448 3247 ego
1484 3154 1769 3247 quidem
1807 3176 1897 3225 ne
1933 3154 2003 3225 id
2052 3175 2284 3246 neque
2318 3153 2606 3246 ingenio
2640 3154 3071 3247 Clytaemne-

695 3268 882 3330 strae
933 3257 1340 3342 conveniat,
1381 3279 1611 3350 neque
1662 3269 1783 3330 aut
1830 3280 1990 3329 cum
2044 3257 2125 3331 iis
2159 3278 2341 3349 quae
2389 3257 2602 3331 modo
2653 3259 2936 3331 elocuta
2970 3265 3071 3328 est

695 3370 816 3433 aut
852 3383 1009 3432 cum
1046 3361 1182 3433 illis
1219 3381 1401 3453 quae
1438 3361 1774 3455 deinceps
1804 3361 1971 3434 dicit
2000 3370 2164 3453 apte
2190 3362 2543 3433 conciliari
2565 3362 2811 3455 possit.
2874 3361 3069 3433 Com-

698 3474 886 3535 mota
935 3463 1217 3557 quidem
1265 3463 1712 3537 vehementer
1763 3474 1871 3535 est
1922 3464 2197 3549 mulier,
2251 3465 2384 3537 sed
2421 3475 2508 3538 ut
2568 3487 2709 3539 non
2779 3463 3067 3560 supplex

697 3568 1210 3651 contremiscat,
1251 3589 1382 3641 nec
1420 3567 1733 3662 deponat
1765 3568 2040 3641 insitam
2078 3568 2309 3639 animo
2346 3569 2700 3641 ferociam.

902 3671 1084 3742 Ante
1122 3693 1189 3741 v.
1223 3671 1393 3742 967.
1428 3682 1620 3743 recte
1656 3671 1942 3765 quidem
1977 3670 2238 3744 dictum
2268 3681 2377 3743 est
2401 3670 2913 3768 ἐκκυκλήματος
2940 3689 3068 3763 ope

698 3775 1013 3869 conspici
1062 3775 1411 3845 Orestem:
1486 3775 1577 3848 de
1629 3775 1763 3846 illis
1824 3795 2016 3860 vero,
2057 3798 2217 3846 eum
2264 3797 2474 3847 manu
2528 3780 2769 3846 tenere
2805 3794 3065 3846 ramum

697 3881 932 3963 oleae,
975 3880 1045 3949 in
1097 3879 1324 3973 capite
1378 3890 1657 3970 gestare
1708 3900 2073 3963 coronam,
2113 3900 2352 3951 secum
2398 3881 2602 3953 ferre.
2623 3879 2909 3972 pallium
2944 3876 3066 3951 sub

697 4003 838 4075 quo
886 3981 1484 4076 Agamemnonem
1547 3982 2000 4056 trucidaverit
2049 3981 2630 4075 Clytaemnestra,
2685 4002 2867 4076 quae
2931 4000 3064 4051 non

699 4085 917 4155 habet
951 4086 1399 4180 DroyseniuS,
1438 4085 1604 4157 nihil
1641 4107 1885 4158 verum
1921 4095 2032 4159 est
2077 4087 2208 4159 nisi
2241 4086 2436 4179 quod
2471 4084 2768 4159 viridem
2802 4102 3064 4156 ramum

701 4190 854 4259 fert.
897 4187 1168 4263 Corona
1184 4189 1605 4263 alienissima
1620 4200 1762 4261 est:
1794 4210 1976 4283 qaae
2002 4192 2188 4263 enim
2216 4200 2354 4261 tam
2381 4189 2750 4283 impudens
2779 4187 3066 4261 foeditas

700 4302 911 4374 esset,
941 4292 1001 4362 si
1028 4292 1207 4365 filius
1235 4294 1601 4367 interfecta
1626 4303 1849 4365 matre
1876 4315 1954 4367 se
1984 4304 2060 4367 ut
2086 4294 2420 4367 victorem
2441 4312 2703 4367 corona
2730 4299 3061 4370 ornasset,

700 4396 917 4489 idque
941 4395 1106 4469 dum
1137 4397 1286 4490 ipse
1317 4398 1586 4468 facinus
1614 4397 1786 4469 illud
1810 4408 1900 4471 ut
1913 4396 2326 4471 detestabile
2353 4396 2834 4469 abominatur?
2871 4391 3061 4467 Unde

701 4500 835 4572 hoc
885 4508 1233 4591 sumptum
1285 4500 1373 4571 sit
1426 4521 1568 4571 non
1614 4499 1837 4575 video.
1937 4500 2311 4573 Crederem
2357 4522 2451 4572 ex
2500 4500 2611 4573 his
2658 4500 2807 4573 eius
2842 4496 3061 4571 verbis

701 4627 767 4674 v.
804 4606 1025 4674 1031.
1061 4604 1457 4675 coniectum
1494 4625 1677 4688 esse,
2807 4618 2824 4627 “
