3328 5326
527 3695 667 3756 μη

702 377 772 439 21
791 377 829 439 2
1683 372 2112 436 EURIPIDES.

700 569 791 640 Et
831 590 897 639 v.
933 566 1102 639 554.

1530 668 1843 739 κλωστοῦ
1882 670 1947 738 δ’
1990 666 2412 761 ἀμφιβόλοις

1375 771 1704 859 λίνοισιν,
1747 770 1870 842 ἅτε
1906 771 2075 849 νεώς
2114 769 2380 865 σκάφος

1225 878 1316 946 40
1374 873 1690 946 κελαινὸν
1725 876 1823 951 εἰς
1859 872 2116 970 ἓδρανά
2152 901 2230 944 τε
2263 872 2386 944 λά·-

1375 979 1456 1049 ιν’
1499 977 1566 1055 ε”ς
1600 1004 1677 1047 τε
1713 974 1975 1050 δάπεδα
2012 976 2233 1071 φόνια
2270 978 2521 1074 πατρί-

1375 1083 1443 1151 δι
1480 1079 1851 1158 Παλλάδος
1886 1081 2111 1152 θέσαν
2146 1081 2349 1159 θεᾶς.

1525 1183 1639 1254 ἐπὶ
1677 1186 1751 1254 δέ
1784 1181 1976 1274 πόνῳ
2013 1183 2128 1255 καί
2162 1184 2347 1279 χαρᾷ

1372 1286 1712 1381 νύκτερον
1747 1286 1891 1358 ἐπεὶ
1928 1288 2185 1380 κνέφας
2220 1289 2481 1385 παρῆν,

1223 1396 1315 1464 ⁴5
1369 1389 1606 1483 Λίβυς
1642 1417 1719 1461 τε
1768 1389 1991 1468 λωτὸς
2026 1387 2305 1461 ἐκτύπει

1382 1490 1661 1589 Φρύγιά
1697 1520 1768 1564 τε
1809 1494 2046 1584 μέλεα,
2087 1497 2440 1589 παρθένοι
2478 1495 2543 1564 δ’

1373 1599 1613 1691 ἀέριον
1651 1595 1788 1667 ἀνὰ
1825 1594 2081 1692 κρότον
2117 1598 2354 1669 ποδῶν

1367 1700 1547 1794 βοὰν
1585 1701 1881 1790 ἔμελπον
1916 1699 2227 1795 εὔφρον’,
2270 1706 2345 1772 ἐν

1369 1801 1617 1896 δόμοις
1653 1802 1727 1873 δὲ
1759 1803 2094 1894 παμφαὲς
2131 1806 2330 1884 σέλας

1215 1910 1310 1982 20
1367 1907 1588 2003 πυρὸς
1622 1901 1963 1997 μέλαιναν
1995 1910 2239 1996 αἴγλαν

1523 2008 1898 2082 ἀπεδίωκεν
1933 2009 2156 2101 ὕπνῳ.

783 2173 787 2176 Α
900 2117 976 2187 In
1013 2116 1244 2210 epodo
1285 2139 1348 2187 v.
1399 2118 1570 2188 581.
1603 2135 1746 2184 non
1784 2112 2091 2184 debebat
2125 2113 2489 2204 νεανίδων,
2533 2116 2725 2208 quod
2761 2117 2923 2188 libri
2962 2118 3085 2189 ha-

691 2221 884 2305 bent,
940 2221 1214 2292 mutari.
1306 2221 1643 2314 Apertum
1711 2226 1851 2300 est,
1906 2239 2123 2309 quum
2175 2220 2639 2311 praecesserit
2691 2221 2966 2312 σφαγαὶ
3019 2223 3081 2292 δ’

694 2322 1142 2416 ἀμφιβώμιοι
1201 2325 1542 2419 Φρυγῶν,
1610 2322 1670 2393 si
1727 2320 2008 2392 additur
2058 2323 2133 2390 ἐν
2183 2321 2257 2392 δέ
2316 2321 2626 2413 δεμνίοις
2673 2322 3089 2418 καράτομος

692 2426 948 2521 ἐρημία
992 2425 1331 2496 νεανίδων
1383 2427 1734 2518 στέφανον
1776 2423 2017 2517 ἔφερεν
2047 2421 2328 2495 Ἐλλάδι
2374 2424 2844 2523 κουροτρόφῳ
2868 2477 2892 2516 ,
2957 2429 3090 2499 ho-·

692 2539 890 2599 neste
928 2540 1171 2623 stupra
1222 2528 1636 2599 feminarum
1688 2524 2101 2620 significari,
2155 2548 2335 2620 quae
2386 2529 2614 2601 caesis
2664 2531 2833 2601 viris
2891 2531 3084 2603 domi

692 2631 1016 2704 desertae
1080 2632 1153 2703 in
1216 2641 1638 2727 potestatem
1708 2630 2056 2702 victorum
2113 2642 2474 2704 venerant.
2578 2633 3081 2732 Κουροτρόφῳ

612 2787 624 2799 .
693 2735 868 2807 dixit
903 2739 1303 2831 suppletum
1337 2758 1525 2807 novo
1556 2735 1776 2806 'milite
1813 2734 2203 2807 exercitum
2241 2737 2560 2809 innuens.

895 2840 972 2910 V.
1010 2843 1180 2912 586.
1218 2840 1333 2912 ubi
1383 2861 1557 2933 puer
1593 2841 1976 2933 Astyanax,
2015 2861 2226 2932 quem
2270 2862 2515 2913 secum
2551 2841 2764 2913 habet
2799 2842 3087 2914 Andro-

690 2944 970 3030 macha,
1036 2946 1196 3041 παρ’
1249 2942 1516 3040 εἰρεσίᾳ
1578 2944 1873 3036 μαστῶν
1933 2946 2232 3016 ἕπεσθαι
2281 2944 2567 3031 dicitur,
2620 2955 2914 3018 naturae
2968 2969 3074 3018 re-

690 3049 1069 3141 pugnantia
1104 3049 1194 3119 de
1231 3058 1423 3119 motu
1461 3069 1923 3119 mammarum
1948 3047 2231 3118 alternis
2270 3050 2703 3141 surgentium
2736 3063 2810 3120 et
2846 3051 3083 3123 subsi-

689 3151 1003 3223 dentium
1050 3163 1487 3224 commentus
1538 3161 1645 3224 est
1693 3151 2042 3223 Matthiae.
2127 3151 2378 3224 Pectus
2426 3153 2495 3222 in
2546 3175 2802 3246 magno
2859 3155 3077 3225 animi

687 3268 880 3327 motu
933 3257 1215 3327 alternis
1265 3278 1555 3350 surgere
1616 3265 1689 3325 et
1754 3253 2121 3326 subsidere
2171 3265 2436 3349 potest,
2503 3279 2644 3327 non
2693 3278 3067 3330 mammae.

688 3359 969 3430 Rectius
1019 3359 1428 3431 scholiastes
1479 3380 1705 3452 nuper
1757 3380 1799 3429 a
1845 3357 2133 3429 Cobetio
2187 3358 2421 3431 editus
2475 3359 2805 3450 συζυγίαν
2856 3362 3077 3432 inter·

685 3472 1023 3555 pretatur.
1079 3461 1369 3533 Videtur
1392 3462 1763 3555 Euripides
1791 3483 2084 3555 puerum
2113 3463 2182 3531 in
2211 3462 2366 3534 sinu
2395 3465 2634 3535 matris
2664 3464 3076 3536 haerentem.

687 3566 948 3651 dicere,
987 3564 1098 3637 cui
1137 3587 1482 3637 mammae
1518 3565 1801 3639 alternis
1837 3566 2325 3658 praebeantur.

893 3671 1224 3740 Lamenta
1275 3668 1812 3740 Andromachae
1860 3679 1930 3740 et
1983 3669 2310 3742 Hecubae
2360 3692 2427 3740 v.
2477 3668 2647 3742 594.
2690 3692 2824 3764 sq.,
2881 3693 3069 3765 quae

686 3774 1014 3867 singulari
1053 3783 1205 3845 arte
1242 3795 1325 3844 ac
1361 3772 1720 3865 diligentia
1756 3774 2142 3868 composita
2177 3784 2374 3859 sunt,
2423 3796 2556 3844 nec
2597 3774 2787 3845 vices
2826 3797 3071 3868 perso-

684 3898 930 3949 narum
967 3878 1227 3970 ubique
1266 3887 1457 3949 recte
1494 3876 1881 3962 distinctaS,
1919 3898 2052 3948 nec
2090 3877 2504 3971 scripturam
2542 3877 2726 3949 vitiis
2766 3900 3063 3951 vacuam

684 3979 963 4052 habent.
1023 3982 1324 4053 Primum
1359 4003 1486 4075 par
1522 3980 1989 4075 stropharum,
2029 3983 2100 4052 in
2136 4004 2300 4074 qu0,
2331 3981 2505 4055 utin
2532 3982 2760 4067 tertio,
2785 3981 3069 4054 Andro-

682 4084 974 4155 machae
1000 4085 1235 4156 verbis
1262 4086 1481 4157 verba
1508 4084 1842 4156 Hecubae
1869 4085 2273 4178 respondet,
2303 4106 2444 4157 una
2471 4085 2843 4177 utrobique
2872 4108 3063 4157 com-

682 4187 1008 4280 plexione
1045 4189 1531 4261 alternantium
1568 4188 1915 4260 dictorum
1950 4189 2364 4260 continetur.
2448 4187 2623 4259 Nam
2661 4199 2739 4259 ut
2775 4190 2846 4259 in
2880 4200 3067 4261 stro-

681 4290 821 4383 pha
855 4291 1391 4364 Andromachae
1439 4292 1609 4386 quid
1658 4302 1895 4386 gemat
1928 4294 2291 4386 quaerenti
2328 4292 2615 4364 Hecuba
2653 4294 3061 4387 respondet,

681 4395 941 4466 liberos
991 4416 1068 4465 se
1121 4395 1323 4483 flere,
1377 4397 1479 4468 sic
1524 4397 1737 4467 etiam
1773 4398 1845 4466 in
1882 4395 2313 4490 antistropha
2347 4417 2490 4467 uno
2527 4398 2900 4490 complexu
2938 4417 3059 4466 co-

679 4498 973 4570 haerere
1026 4497 1271 4570 harum
1321 4501 1691 4571 mulierum
1746 4500 1934 4572 dicta
1983 4509 2277 4595 oportet.
2383 4500 2474 4569 At
2527 4521 2709 4593 quae
2760 4523 2826 4571 v.
2879 4502 3049 4571 60⁴.

676 4607 939 4699 scripta
984 4612 1177 4688 sunt,
1213 4604 1319 4674 A.
1363 4604 1494 4697 φεῦ
1546 4606 1707 4697 φεῦ.
1776 4607 1875 4676 Ε.
1919 4604 2061 4700 δῆτ’
2112 4604 2299 4696 ἐμῶν
2357 4642 2448 4655 -
2513 4605 2619 4676 Λ.
2676 4605 2906 4675 κακῶν
2951 4642 3057 4654 -
