3328 5326
1291 346 1663 412 TABULAE.
2537 346 2668 407 4753

606 538 756 609 Hac
793 558 961 608 arce
992 540 1164 608 freta
1199 541 1491 632 pergito,
1528 541 1629 611 tui
1662 561 1952 624 memor,

765 641 1111 734 Mon-isque
1146 643 1487 714 maiorum
1524 654 1759 728 tenax,

606 744 870 816 Cultrix
905 764 1300 816 severarum
1336 748 1606 832 artium,
1646 748 1809 818 fuoo
1846 745 2109 839 procul,

758 848 1038 920 Virtutis
1078 851 1468 943 exemplum
1505 850 1701 934 dare,

606 950 930 1023 Mansura
966 962 1036 1022 et
1071 953 1232 1023 olim
1268 953 1533 1045 grande
1572 956 1926 1025 Saxonum
1961 950 2203 1034 decuS‚

762 1056 1052 1148 Totique
1090 1057 1213 1128 lux
1248 1057 1680 1128 Germaniae.

417 1864 763 1947 REGTOR
815 1864 924 1947 ΕΤ
978 1863 1976 2050 SENATgISVffiQASDEfflAE
2029 1862 2532 1947 LIPSIENSIS

295 2096 803 2161 CELEBRAMVS
865 2101 1006 2161 PIIS
1061 2098 1288 2162 VOTIS
1345 2099 1506 2161 EVM
1563 2099 1749 2161 DIEM
1805 2099 1960 2171 QVO
2012 2096 2217 2160 ANTE
2278 2097 2660 2171 QVINQVA-

292 2182 523 2246 GlNTA
552 2184 811 2247 ANNOS
857 2186 936 2247 IN
974 2184 1537 2248 VNIVERSITATE
1569 2183 2061 2247 LITTERARVM
2092 2184 2656 2248 VITEBERGENSI

390 2296 652 2346 DOCTOR
675 2295 1150 2347 PHILOSOBHIAE
1177 2269 1877 2415 {gTleflffsffiffigwm
1900 2292 2230 2349 MAGISTER
2256 2296 2552 2347 CREATVS

291 2455 1058 2569 GVILIELMVS
1194 2456 1965 2568 PISTOTHEVS
2098 2456 2657 2569 KRVGIVS

288 2705 402 2794 qui
449 2705 560 2774 vir
615 2725 750 2774 non
801 2704 1022 2774 solum
1076 2704 1470 2774 universam
1522 2704 2032 2797 philosophiam
2096 2705 2353 2797 ingenii
2416 2704 2523 2775 sui
2586 2705 2659 2773 vi

290 2817 493 2899 atque
531 2807 680 2876 acie
719 2807 791 2876 in
826 2807 1206 2877 clarissima
1232 2809 1388 2880 luce
1417 2808 1781 2878 collocavit
1806 2808 2367 2899 argutiarumque
2395 2807 2656 2900 laqueis

287 2909 645 3002 expedivit
703 2911 1041 3001 vanisque
1092 2911 1374 2980 somniis
1430 2911 1782 2994 liberavit,
1847 2910 1974 2980 sed
2039 2911 2250 2979 etiam
2300 2909 2661 3001 religionis

287 3013 718 3083 sanctitatem
768 3013 1105 3083 adversus
1156 3013 1679 3106 superstitiones
1727 3013 2181 3083 fanaticorum
2229 3023 2299 3082 et
2349 3013 2655 3082 fallacias
2729 3065 2733 3069 -

286 3116 793 3208 pontificiorum
849 3116 1184 3186 acerrime
1235 3125 1306 3186 et
1341 3115 1824 3187 efficacissime
1862 3114 2212 3199 defendit,
2264 3116 2654 3208 iustamque

288 3229 356 3290 et
390 3242 621 3290 rerum
658 3220 1087 3313 publicarum
1124 3228 1196 3289 et
1232 3219 1484 3290 civium
1520 3220 1910 3289 libertatem
1937 3229 2658 3313 contraoppressores

287 3323 496 3395 tuitus
543 3333 651 3393 est
697 3324 1105 3407 fortissime,
1154 3323 1245 3392 ita
1285 3333 1389 3408 ut,
1441 3345 1654 3415 quum
1706 3323 1795 3393 ad
1834 3321 2330 3394 excutiendum
2364 3321 2655 3414 gallicae

286 3425 773 3496 dominationis
824 3427 1063 3519 iugum
1115 3436 1568 3518 consurgeret
1604 3426 2010 3510 Germania,
2077 3426 2228 3519 ipse
2287 3446 2478 3495 arma
2527 3447 2658 3519 pro

284 3531 504 3622 patria
541 3540 854 3622 caperet,
895 3529 1287 3621 eademque
1325 3530 1766 3615 fortitudine,
1819 3553 2034 3623 quum
2084 3529 2349 3599 nefaria
2398 3529 2656 3622 impro-

285 3632 531 3704 borum
567 3653 811 3704 manus
848 3643 1156 3703 nostram
1192 3633 1434 3703 urbem
1471 3635 1805 3718 turbaret,
1843 3643 2091 3718 vestra,
2132 3632 2652 3715 commilitoneS‚

289 3736 539 3807 virtute
576 3737 824 3821 fretuS,
864 3737 1012 3808 dux
1048 3745 1118 3806 et
1154 3746 1395 3807 auctor
1432 3739 1831 3822 exsisteret,
1884 3758 2022 3830 quo
2059 3746 2292 3807 nostra
2330 3736 2653 3807 iuventus

285 3860 491 3929 quam
543 3840 826 3934 egregie
875 3840 967 3909 de
1017 3841 1330 3910 restituta
1368 3841 1856 3932 tranquillitate
1905 3841 2267 3924 meruerit,
2322 3839 2654 3910 donatum

228 3982 234 3986 -
284 3942 348 4010 ei
384 3944 472 4012 ab
511 3944 681 4014 urbe
718 3943 1050 4013 vexillum
1098 3952 1410 4021 testatur.
1497 3943 1686 4013 Idem
1739 3944 1854 4013 ille
1901 3943 2010 4013 vir
2065 3944 2134 4011 in
2182 3943 2474 4013 comitiis
2525 3965 2654 4036 pro

288 4046 668 4116 commodis
704 4047 970 4139 patriae
1008 4067 1251 4115 suasor
1286 4047 1412 4116 fuit
1444 4048 1891 4139 gravissimus
1938 4055 2010 4115 et
2044 4055 2278 4116 orator
2314 4047 2651 4139 eloquen-

283 4147 618 4234 tissimUS,
675 4157 744 4217 et
797 4169 1003 4242 quem
1055 4148 1145 4219 ad
1197 4148 1482 4220 modum
1530 4150 1814 4220 scholis.
1840 4151 1982 4220 suis
2035 4149 2448 4241 scriptisque
2485 4151 2648 4220 olim

290 4245 804 4345 Vitebergensi,
842 4253 1462 4337 Francofurtanae,
1512 4253 2092 4346 Regimontanae,
2153 4253 2250 4322 ita
2290 4267 2646 4345 postremo

282 4364 556 4427 nostrae
593 4375 870 4449 quoque
907 4354 1347 4450 academiae,
1406 4357 1602 4427 cuius
1654 4357 2033 4425 litterarum
2067 4355 2398 4427 studiosis
2435 4356 2644 4427 etiam

281 4454 350 4523 in
386 4457 686 4530 futurum
724 4446 996 4552 tempus
1033 4458 1283 4551 insigni
1319 4460 1732 4529 liberalitate
1770 4460 2162 4551 prospexit,
2201 4482 2328 4553 per
2363 4460 2539 4530 duos
2577 4466 2647 4527 et

282 4560 556 4651 triginta
592 4584 811 4633 annos
849 4561 1179 4633 eximium
1217 4563 1433 4633 decus
1470 4573 1681 4654 atque
1718 4573 2200 4633 ornamentum
2241 4563 2385 4633 fuit.
2470 4560 2644 4630 Huic
