3328 5326
1259 372 1662 435 uEstus.
2570 372 2647 433 ta

282 582 525 633 versus
563 563 993 656 coniungere
1027 563 1399 656 placuerit,
1438 565 1530 641 ad
1562 563 1732 635 illud
1777 575 2010 637 tamen
2055 584 2332 635 omnem
2368 563 2517 633 veri
2560 563 2655 633 si-

276 664 739 739 militudinem
791 666 1110 752 excedit,
1160 689 1401 739 casum
1451 669 1546 739 ita
1598 669 1883 754 lusisse,
1936 677 2012 739 ut
2053 676 2203 739 -tam
2252 675 2654 745 constanter

277 791 417 839 non
456 770 669 840 alium
705 791 914 862 quam
949 771 1338 863 quinarium
1374 792 1740 845 numerum
1775 772 2163 866 praeberet.
2231 770 2307 841 111
2360 790 2498 862 quo
2549 768 2656 862 iq·-

278 873 607 965 dagando
645 895 789 945 non
826 894 982 943 sum
1017 875 1295 949 nescias
1331 875 1856 947 consistendum
1893 875 1965 945 in
2001 895 2089 945 eo
2124 882 2443 958 esse,‘·ut
2476 893 2655 964 quae

274 978 630 1070 proferam
678 977 1062 1069 probabilia
1124 978 1524 1064 videantur,
1576 1000 1964 1072 posseque,
2023 978 2080 1049 si
2132 978 2202 1047 in
2252 975 2657 1049 universum

277 1080 615 1174 probetur
676 1083 852 1150 baec
898 1083 1106 1166 ratio,
1164 1080 1489 1152 nonnulla
1553 1087 1849 1157 fortasse
1906 1083 2103 1152 aliter
2153 1080 2509 1163 constitui,
2566 1077 2658 1148 de

216 1246 219 1251 .
279 1183 534 1277 quibus
574 1184 776 1253 facile
813 1185 1200 1255 concedam
1235 1185 1418 1255 veris
1456 1186 1784 1259 similiora
1821 1183 2153 1256 afferenti.

490 1286 633 1357 Sed
670 1298 745 1357 nt
781 1287 869 1357 ad
907 1288 1133 1381 ipsum
1165 1309 1448 1358 carmen
1485 1290 1844 1373 accedam,
1881 1286 2121 1359 nescio
2158 1308 2247 1357 an
2286 1285 2657 1355 maximam

257 1389 650 1461 ‘dubitandi
686 1393 1046 1461 materiam
1083 1392 1364 1462 obiiciat
1388 1393 1845 1486 prooemium,
1884 1414 2027 1463 non
2063 1388 2232 1462 illud
2269 1388 2428 1461 dico
2468 1388 2658 1481 quod

264 1514 375 1564 ex
425 1504 712 1565 centum
761 1507 832 1564 et
877 1494 1275 1586 quindecim
1321 1497 1639 1568 versibus
1689 1506 2016 1567 constans
2065 1495 2132 1564 in
2177 1492 2430 1564 nostris
2467 1492 2657 1561 libris

282 1598 564 1690 legitur:
627 1618 791 1667 nam
843 1598 915 1668 id
970 1596 1253 1690 quidem
1300 1600 1764 1693 compositum
1818 1621 1975 1673 esse
2025 1618 2119 1668 ex
2164 1595 2443 1689 aliquod
2495 1615 2657 1689 pro-
2676 1614 2776 1676 με

282 1701 525 1772 oemiis
579 1701 1014 1773 diversorum
1065 1712 1459 1796 poetarum,
1500 1724 1682 1796 quae
1719 1704 1946 1773 omnia
1988 1724 2073 1773 eo
2113 1718 2320 1772 versu
2370 1698 2659 1792 incipie-

280 1808 472 1889 bant,
514 1826 654 1896 quo
693 1806 841 1898 ipse
881 1804 1225 1879 Hesiodus
1255 1804 1723 1900 Theogoniam
1762 1826 2056 1877 exorsus
2094 1813 2303 1889 esset,
2342 1803 2508 1873 satis
2546 1822 2659 1871 me

283 1908 806 1978 demonstrasse
855 1918 1021 2002 puto
1058 1909 1127 1977 in
1163 1911 1598 2003 praefatione
1645 1909 2058 2003 hymnorum
2097 1907 2654 1978 Homericorum:

282 2011 409 2082 sed
462 2011 557 2082 de
608 2012 724 2082 illo
773 2011 1019 2103 loquor
1055 2014 1449 2105 prooemiO,
1488 2012 1680 2105 quod
1720 2014 1807 2082 ab
1845 2013 1996 2106 ipso
2034 2014 2291 2082 factum
2328 2028 2484 2080 esse
2523 2009 2662 2077 He-

284 2115 482 2186 siodo
521 2113 1059 2186 existimandum
1097 2115 1203 2184 sit.
1282 2116 1522 2207 Neque
1559 2115 1745 2186 enim
1782 2115 2080 2187 dubitari
2117 2122 2368 2213 potest„
2387 2113 2551 2204 quin
2588 2111 2661 2180 id

284 2218 408 2290 bos
463 2239 715 2288 versus
766 2218 1116 2303 habuerit,
1144 2221 1405 2311 quibus
1456 2219 1605 2313 ipse
1643 2219 1734 2289 de
1771 2240 1848 2289 se
1888 2221 2098 2288 refert
2136 2216 2361 2311 poeta.
2455 2213 2660 2298 Quod

283 2344 498 2414 quum
545 2332 821 2392 constet
853 2322 1174 2391 versibus
1220 2326 1246 2392 l
1300 2332 1372 2392 et
1410 2323 1736 2395 22—25.
1769 2322 1990 2416 prima
2040 2320 2324 2412 quidem
2377 2316 2660 2411 stropha

282 2426 399 2496 illo
438 2426 595 2519 ipso
631 2446 842 2516 quem
880 2424 1025 2495 dixi
1060 2447 1378 2496 versuum
1416 2447 1710 2498 numero
1749 2435 1883 2495 est:

699 2525 1076 2599 Μουσάων
1107 2526 1616 2599 Ἑλικωνιάδων
1653 2526 2002 2624 ἀρχώμεθ’
2045 2526 2326 2615 ἀείδειν,

492 2634 580 2702 αἵ
605 2628 691 2702 νύ
729 2633 892 2702 ποθ’
918 2629 1264 2702 Ἡσίοδον
1299 2631 1510 2732 καλήν
1547 2631 1865 2714 ἐδίδαξαν
1902 2628 2176 2727 ἀοιδήν,

495 2734 714 2829 ἄρνας
750 2733 1201 2825 ποιμαίνονθ’
1237 2735 1613 2812 Ἑλικῶνος
1648 2735 1787 2805 ὑπὸ
1826 2736 2132 2818 ζαθέοιο,

490 2835 692 2908 τόνδε
733 2837 811 2907 δέ
840 2863 926 2926 με
962 2835 1324 2932 πρώτιστα
1362 2839 1528 2909 θεαὶ
1564 2837 1739 2933 πρὸς
1773 2839 2017 2930 μῦθον
2054 2837 2317 2925 ἕειπαν,

491 2942 803 3011 Μοῦσαι
834 2937 1321 3030 Ὀλυμπιάδες,
1368 2942 1618 3036 κοῦραι
1654 2940 1836 3018 Διὸς
1874 2937 2242 3029 αἰγιόχοιο.

284 3047 487 3130 Quae
522 3064 687 3113 vero
724 3052 1139 3133 sequuntur,
1178 3052 1254 3115 ut
1289 3041 1571 3137 quidem
1608 3063 1794 3113 nunc
1831 3044 2088 3136 scripta
2132 3042 2506 3125 babemuS,
2545 3050 2667 3112 aut

285 3150 541 3221 decem
575 3168 815 3217 versus
853 3145 1200 3241 copulari,
1239 3158 1355 3218 aut
1389 3147 1459 3216 in
1495 3146 1671 3217 duas
1708 3153 1977 3239 partes,
2017 3165 2224 3216 unam
2275 3146 2511 3228 trium,
2563 3144 2665 3214 al-

286 3265 508 3323 teram
563 3259 833 3344 septem
890 3269 1218 3321 versuum
1277 3250 1575 3344 dispesci
1637 3251 2009 3343 postulant.
2121 3248 2455 3318 Coniiciat
2507 3247 2665 3340 quis

287 3361 621 3438 fortasse,
685 3354 995 3425 sublatos
1044 3373 1200 3425 esse
1256 3355 1433 3426 duos
1497 3373 1768 3437 versuS,
1830 3353 2078 3445 quibus
2129 3352 2369 3422 Musae
2422 3349 2667 3422 admo-

284 3460 568 3532 nuerint
595 3455 997 3543 Hesiodum,
1038 3468 1111 3529 ut
1146 3458 1370 3529 missis
1408 3458 1646 3528 ovibus
1686 3456 1991 3527 animum
2027 3456 2116 3526 ad
2152 3456 2396 3549 poesin
2426 3455 2669 3548 appel-

288 3567 491 3634 leret.
541 3563 641 3632 Ac
671 3562 909 3631 scribit
936 3561 1370 3644 scholiastes:
1399 3557 1867 3637 Ἀπολλώνιος
1892 3559 2024 3650 μὲν
2051 3560 2104 3630 ‹52
2117 3557 2381 3636 Ῥόδιος
2407 3557 2666 3629 λείπειν

284 3668 424 3738 τὸν
459 3667 742 3761 πρῶτον
773 3664 1013 3754 στίχον
1042 3665 1277 3762 φησίν·
1321 3666 1406 3735 οὐ
1441 3663 1657 3735 λείπει
1685 3665 1783 3752 δέ,
1818 3663 1952 3733 ἀλλ’
1983 3662 2160 3749 ἐστί,
2195 3660 2330 3732 κάκ’
2362 3663 2657 3749 ἐλέγχεα,

284 3772 621 3865 γαστέρες
673 3764 849 3837 οἷον.
924 3768 996 3837 Si
1031 3767 1470 3862 ApolloniUS,
1509 3788 1718 3860 quem
1763 3765 2047 3860 πρῶτον
2093 3763 2335 3852 στίχον
2369 3763 2661 3846 vocavit,

290 3895 457 3945 eum
494 3875 562 3942 in
600 3881 835 3941 mente
862 3870 1133 3956 habuit,
1173 3873 1289 3964 qui
1321 3882 1479 3966 post
1507 3870 1994 3942 allocutionem
2023 3878 2376 3962 pastorum
2399 3865 2664 3959 primus

288 3988 509 4061 esset,
539 3997 721 4068 quae
748 3975 1080 4069 Lennepii
1108 3976 1506 4047 coniectura
1534 3983 1663 4058 est,
1681 3994 1835 4044 ·non
1859 3982 2053 4043 recte
2079 3967 2431 4042 iudicavit.
2471 3967 2665 4040 ‘Nam

289 4083 354 4154 si
410 4080 669 4172 aliquid
723 4079 953 4163 deest,
1009 4081 1220 4149 multo
1266 4079 1416 4150 veri
1466 4077 1757 4148 similius
1796 4078 2008 4160 foret,
2049 4074 2300 4164 deesse
2337 4073 2667 4167 strophae

286 4186 573 4258 ultimos
601 4183 743 4253 duo
770 4203 1038 4253 versus.
1097 4181 1250 4253 Non
1278 4192 1385 4253 est
1420 4182 1490 4252 id
1526 4192 1758 4252 tamen
1787 4179 2168 4274 probabile,
2197 4200 2409 4269 quum
2434 4197 2666 4269 neque

290 4310 550 4362 caussa
583 4297 942 4381 appareat,
980 4308 1105 4357 cur
1124 4287 1230 4357 ‘de
1264 4287 1578 4357 oratione
1606 4286 1955 4356 Musarum
1983 4281 2239 4374 aliquid
2276 4281 2666 4352 detractum

288 4393 529 4476 fuerit,
559 4402 631 4462 et
665 4393 779 4466 illa
803 4390 1101 4461 brevitas
1130 4390 1459 4468 orationis
1486 4412 1574 4462 eo
1590 4388 1870 4481 gravior
1899 4387 2007 4471 sit,
2038 4385 2228 4479 quod
2241 4385 2423 4477 quid
2451 4384 2668 4456 velint

286 4500 565 4580 Musae,
604 4494 951 4568 tradendo
985 4516 1175 4568 ramo
1213 4493 1385 4566 lauri
1422 4493 1835 4585 significant.
1897 4490 2036 4562 Sed
2076 4510 2356 4648 operae
2371 4487 2678 4582 pretium

288 4610 409 4675 est
442 4599 618 4670 haec
655 4600 807 4693 ipsa
845 4598 1323 4670 considerare:

386 4712 2253 4782 nnnn.01›.v111.n
