3328 5326
294 1208 457 1277 XO.
530 1202 613 1290 ζ’.

297 1519 420 1588 ΦΙ.

291 1725 455 1794 XO.
523 1718 614 1818 η’.

289 1931 420 2002 ΦΙ.

286 2242 453 2310 ΧΟ.
514 2236 619 2310 θ’.

240 2839 451 2930 'X0.
510 2855 590 2930 ε’.

292 3274 418 3343 ΦΙ.

285 3686 452 3755 XO.
493 3684 613 3757 ια’.

296 4098 417 4168 ΦΙ.

290 4511 448 4580 Χο.
485 4509 602 4603 ιβ.

1164 323 1773 457 ARISTOPH'ANES.
2537 396 2658 458 263

599 577 604 584 ’
696 580 977 677 φεύγειν
1014 584 1255 661 ἀδεῶς.
1301 585 1433 655 νῦν
1470 584 1543 655 δὲ
1576 583 1701 667 ξὺν
1740 585 1981 662 ὅπλοις

698 687 944 781 ἄνδρες
981 688 1265 758 ὁπλῖται
1302 684 1809 779 διαταξάμενοι

695 789 878 861 κατὰ
912 788 1042 867 τὰς
1077 788 1358 867 διόδους
1396 792 2001 886 σκοπιωροῦνται,

693 892 793 964 τώ
831 891 905 963 δὲ
939 891 1040 964 δύ’
1082 894 1320 964 αὐτῶν
1357 895 1472 966 ε’πί
1509 900 1706 965 ταῖσι
1735 891 2005 990 θύραις
2511 898 2654 969 370
2678 908 2809 969 p.⁴⁸

694 998 915 1092 ὥςπερ
952 1023 1041 1087 με
1075 998 1292 1093 γαλῆν
1325 1000 1493 1093 κρέα
1527 1000 1884 1089 κλέψασαν

794 1100 1138 1196 τηροῦσιν
1175 1099 1390 1189 ἔχοντ’
1435 1100 1859 1193 ὀβελίσκους.

696 1205 865 1275 ἀλλὰ
903 1205 1020 1273 καὶ
1056 1205 1188 1274 νῦν
1226 1202 1545 1299 ἐκπόριζε
2492 1208 2652 1279 ἀντ.

693 1306 1019 1403 μηχανὴν
1057 1307 1244 1385 ὅπως
1280 1306 1594 1397 τάχισθ’·
1637 1313 1700 1380 ἕ·
1911 1363 1916 1369 -

691 1437 789 1488 ως
824 1409 985 1505 γάρ,
1033 1405 1089 1481 ὦ
1124 1410 1513 1502 μελίττιον.
2510 1414 2656 1485 375

694 1518 1096 1608 διατραγεῖν
1132 1514 1376 1584 τοίνυν
1413 1512 1799 1610 κράτιστόν
1835 1515 1989 1586 ἐστι’
2030 1542 2159 1607 μοι
2206 1515 2293 1586 τὸ
2341 1515 2650 1588 δίκτυον.

692 1619 735 1714 ἡ
775 1620 854 1688 δέ
884 1643 1013 1708 μοι
1049 1617 1416 1690 Δίκτυννα
1453 1617 1868 1715 συγγνώμην
1907 1619 2052 1707 ἔχοι
2087 1620 2219 1690 τοῦ
2257 1616 2574 1691 δικτύου.

691 1722 923 1791 ταῦτα
966 1721 1097 1812 μὲν
1139 1722 1319 1815 πρὸς
1353 1720 1613 1818 ἀνδρός
1646 1727 1778 1794 ἐστ’
1822 1723 2228 1800 ἄνοντοςές
2268 1723 2650 1820 σωτηρίαν.

693 1824 823 1895 ἀλλ
867 1823 1073 1914 ἔπαγε
1106 1823 1239 1919 τὴν
1273 1825 1573 1915 γνάθον.

691 1929 1198 2024 διατέτρωκται
1233 1926 1457 2000 τοῦτό
1492 1957 1575 2020 γ.
1634 1929 1806 2001 ἀλλὰ
1840 1929 1945 2048 μήΙ
1974 1930 2189 2021 βοᾶτε
2223 1932 2451 2026 μηδα-
2507 1931 2652 2000 380

2036 2033 2217 2124 μῶς,

692 2133 863 2205 ἀλλὰ
898 2130 1332 2230 τηρώμεσθ’,
1378 2137 1565 2214 ὅπως
1592 2135 1690 2233 μή
1719 2139 2166 2208 Βδελυκλέων
2193 2133 2648 2231 αἰσθήσεται.

687 2238 934 2334 μηδὲν,
978 2232 1031 2307 ὦ
1067 2265 1231 2364 ταν,
1276 2241 1533 2364 δέδιθι,
1575 2242 1823 2334 μηδε’·ν

695 2342 787 2418 ὡς
824 2339 952 2431 ἐγώ
989 2338 1252 2414 τοῦτόν
1287 2343 1373 2432 γ’,
1415 2342 1538 2413 ἐὰν
1573 2341 1740 2439 γρύ-

690 2456 767 2538 ξῃ
808 2472 908 2531 τι,
949 2440 1226 2540 ποιήσω
1265 2447 1497 2517 δακεῖν
1532 2472 1664 2543 την

693 2547 988 2642 καρδίαν
1023 2548 1142 2618 καὶ
1177 2547 1305 2619 τὸν
1337 2575 1498 2644 περι
1535 2571 1675 2641 ψυ-
2508 2551 2653 2620 385

690 2652 816 2748 χῆς
851 2648 1123 2746 δρόμον
1161 2653 1481 2748 δραμεῖν,
1528 2654 1605 2724 ἵν’
1647 2655 1797 2749 εἰδῇ
1832 2653 1930 2751 μὴ
1968 2660 2218 2726 πατεῖν
2255 2652 2346 2725 τὰ

689 2761 852 2826 ταῖν
884 2762 1096 2826 θεαῖν
1131 2756 1592 2851 ψηφίσματα.

689 2858 825 2929 ἀλλ’
898 2856 1163 2951 ἐξάψας
1231 2859 1348 2929 διὰ
1404 2861 1530 2956 τῆς
1598 2859 1896 2956 θυρίδος
1952 2860 2040 2931 τὸ
2058 2858 2442 2948 καλώδιον,
2501 2855 2658 2931 εἶτα

1930 2962 2211 3053 καθίμα

687 3062 907 3160 δήσας
945 3058 1210 3135 σαυτὸν
1261 3066 1379 3135 καὶ
1429 3066 1561 3162 τὴν
1607 3065 1840 3162 ψυχὴν
1889 3063 2424 3160 ἐμπλησάμενος
2474 3065 2657 3135 Διο-

1927 3170 2254 3245 πειθοῦς.

686 3271 806 3362 ἄγε
843 3272 1000 3362 νῦν,
1043 3272 1130 3367 ἢν
1168 3275 1576 3362 αἰσθομένω
1614 3271 1848 3343 τούτω
1890 3269 2192 3369 ζητῆτόν
2226 3273 2293 3363 μ’
2336 3276 2436 3350 ἐς·
2506 3273 2650 3342 390

1931 3378 2424 3468 καλαμᾶσθαι,

683 3475 1185 3549 κάνάσπαστον
1238 3484 1470 3550 ποιεῖν
1525 3481 1734 3565 εἴσω,
1806 3479 1880 3550 τί
1932 3479 2258 3575 ποιήσετε
2272 3509 2299 3574 ,·
2358 3475 2656 3575 φράζετε

1932 3584 2114 3654 νυνί.

682 3686 1097 3778 ἀμυνοῦμέν
1152 3712 1264 3756 σοι
1318 3686 1444 3756 τὸν
1494 3684 1813 3783 πρινώδη
1848 3686 2090 3779 θυμὸν
2121 3688 2423 3763 ἅπαντες
2459 3687 2651 3755 καλέ-

1932 3816 2208 3878 σαντες,

685 3892 831 3969 ὤςτ’
877 3893 961 3962 οὐ
999 3891 1309 3964 δυνατόν
1358 3895 1410 3964 σ’
1453 3897 1705 3988 εἴργειν
1742 3893 1969 3964 ἔσται·
2011 3894 2317 3964 τοιαῦτα
2355 3888 2655 3988 ποιήσο-

1926 4023 2058 4086 μεν
2092 3997 2322 4092 ἡμεῖς.

680 4095 922 4192 δράσω
955 4099 1201 4168 τοίνυν
1240 4102 1411 4191 ὑμῖν
1450 4099 1781 4188 πίσυνος,
1823 4127 1942 4170 και
1977 4096 2398 4188 μανθάνετ’·
2456 4098 2544 4195 ἥν
2581 4127 2655 4169 τι

1928 4200 2192 4275 πάθω’
2198 4199 2328 4293 γώ,

682 4302 1046 4381 ἀνελόντες
1083 4306 1198 4375 καὶ
1238 4304 1851 4383 κατακλαύσαντες
1885 4305 2132 4377 θεῖναί
2171 4308 2238 4398 μ’
2284 4305 2425 4376 υπὸ
2461 4311 2653 4376 τοῖσι

1927 4406 2387 4503 δρυφάκτοις.
2503 4411 2651 4480 395

682 4511 885 4582 οὐδὲν
911 4510 1161 4581 πείσει·
1204 4511 1423 4607 μηδὲν
1452 4513 1711 4607 δείσῃς·
1756 4513 1922 4602 ἀλλ’,
1959 4505 2013 4582 ὦ
2039 4516 2379 4605 βεἊτιστε,
2413 4508 2653 4582 καθίει
