3328 5326
1166 387 1667 448 THEOGRITUS.
2467 384 2591 447 337

265 578 513 671 planum
562 586 670 648 est
719 599 1026 649 errorem
1081 599 1174 647 ex
1235 578 1383 670 pari
1450 578 1641 648 initio
1702 576 2000 649 duorum
2052 598 2376 649 versuum
2435 599 2590 648 esse

268 690 495 764 natum,

435 782 577 878 πὰρ
614 783 744 876 μὲν
856 836 1556 854 ......

434 885 576 980 πὰρ
615 888 696 958 δέ
724 892 793 957 οἱ
827 886 1006 981 ὥρια
1041 892 1259 956 κεῖται
1296 887 1427 957 ὅσα
1464 884 1671 981 δρυὸς
1710 885 1888 982 ἄκρα
1928 889 2246 981 φέροντι,

435 989 575 1084 πὰρ
613 991 675 1059 δ’
717 988 974 1060 ἁπαλοὶ
1012 990 1225 1059 κᾶποι
1259 991 1781 1081 πεφυλαγμένοι
1813 994 1886 1061 ἐν
1921 988 2364 1084 ταλαρίσκοις

435 1094 822 1186 ἀργυρέοις,
871 1091 1116 1187 Συρίω
1154 1091 1225 1162 δὲ
1260 1086 1463 1187 μύρω
1497 1090 1753 1186 χρύσει’
1795 1090 2238 1187 ἀλάβαστραε

256 1193 815 1287 confirmaturque
866 1194 937 1264 id
991 1216 1113 1280 e0‚
1166 1194 1352 1287 quod
1410 1205 1483 1266 ut
1530 1197 1601 1264 in
1653 1195 1787 1265 hac
1837 1194 2151 1288 stropha,
2203 1196 2303 1265 sic
2356 1197 2425 1265 in
2478 1217 2595 1266 se-

256 1308 488 1390 quente
537 1319 815 1391 quoque
867 1297 1073 1369 binae
1110 1319 1223 1368 res
1258 1298 1437 1369 binis
1472 1298 1790 1369 versibus
1827 1307 1988 1369 sunt
2022 1298 2589 1391 comprehensae.

254 1402 352 1471 His
386 1402 688 1494 strophis
717 1401 1086 1472 absolvitur
1113 1400 1420 1473 laudatio
1447 1402 1754 1494 reginae.
1815 1401 2136 1493 Sequitur
2164 1402 2379 1472 altera
2407 1424 2592 1495 parS,

253 1526 366 1596 qua
418 1505 694 1597 poetria
732 1504 1058 1575 valedicit
1102 1504 1400 1576 Adonidi
1456 1506 1761 1597 quinque
1795 1504 2142 1589 versibus3
2194 1515 2338 1575 tum
2391 1506 2593 1575 tertia

252 1629 492 1678 novem
527 1629 868 1693 versuum,
899 1607 1019 1700 qui
1043 1608 1400 1679 continent
1426 1607 1711 1701 idquod
1740 1617 2021 1701 postero
2050 1607 2165 1678 die
2193 1618 2594 1680 cantaturae

252 1711 384 1781 sint.
405 1712 729 1783 mulieres
764 1711 1041 1782 Adonin
1077 1712 1248 1781 mari
1285 1711 1682 1783 traditurae.

439 1814 679 1907 Neque
713 1836 875 1886 vero
911 1836 1052 1885 non
1088 1814 1178 1885 de
1215 1815 1549 1887 industria
1585 1815 2049 1909 potius-quam
2076 1835 2245 1886 casu
2273 1823 2597 1885 accurata

251 1918 680 2011 proportione
716 1918 1153 2011 stropharum
1189 1939 1471 1989 carmen
1496 1919 1804 2011 nuptiale
1831 1917 2108 1988 videtur
2135 1918 2597 2011 compositum

250 2041 411 2105 esse,
449 2020 640 2113 quod
677 2022 748 2091 in
784 2021 1136 2092 decimo.
1159 2030 1478 2093 octavo
1515 2021 1751 2113 idyllio
1781 2022 2086 2090 Helenae
2116 2022 2454 2092 cecinisse
2490 2020 2598 2092 di-
2615 2035 2781 2086 xvm

247 2134 479 2195 cuntur
513 2124 887 2196 duodecim
922 2125 1217 2217 virgines
1253 2125 1655 2218 Spartanae.
1716 2124 1793 2195 Id
1819 2125 1901 2208 si,
1932 2125 2158 2217 prouti
2187 2133 2593 2217 argumento

247 2228 577 2313 convenit,
617 2228 688 2297 in
725 2237 866 2298 tres
900 2238 1134 2320 partes
1172 2228 1623 2320 dispescitur,
1676 2228 1898 2320 prima
1952 2237 2184 2298 autem
2238 2241 2307 2298 et
2362 2228 2597 2299 ultima

243 2331 518 2424 stropha
566 2341 638 2402 ut
689 2331 994 2425 proodus
1046 2340 1120 2401 et
1164 2331 1437 2424 epodus
1472 2341 1905 2425 separantur,
1943 2331 2072 2402 hos
2108 2332 2399 2425 praehet
2436 2352 2595 2401 ver-

243 2454 432 2504 suum
479 2433 555 2504 in
606 2434 903 2528 strophis
940 2456 1302 2505 numeros:
1368 2438 1432 2505 3.
1485 2435 1496 2525 Ι
1549 2433 1612 2504 4.
1651 2437 1716 2504 3.
1754 2437 1820 2504 3.
1859 2433 1923 2504 4.
1976 2428 1986 2532 Ι
2039 2438 2104 2504 3.
2141 2438 2205 2504 3.
2244 2437 2308 2504 3.
2346 2438 2410 2506 3.
2464 2430 2475 2533 Ι
2525 2437 2590 2504 5.

243 2538 302 2608 2.
334 2538 401 2610 2.
437 2538 505 2609 2.
542 2540 609 2607 5.
662 2532 671 2631 Ι
723 2541 787 2608 5.
861 2538 1036 2607 Nam
1072 2548 1437 2630 postquam
1473 2539 1542 2607 in
1576 2529 1843 2631 proodo
1880 2547 2171 2629 questae
2216 2548 2374 2608 sunt
2409 2537 2598 2630 quod

243 2640 585 2712 Menelaus
620 2640 802 2712 iusto
840 2641 1040 2712 citius
1080 2642 1410 2713 Helenam
1447 2663 1488 2712 a
1524 2651 1745 2713 matre
1775 2641 2100 2727 abducat,
2131 2643 2409 2713 felicem
2438 2661 2600 2713 eum

242 2744 303 2812 in
336 2745 557 2838 prima
592 2745 917 2816 carminis
955 2756 1162 2839 parte.
1188 2746 1592 2840 praedicant
1629 2746 1977 2817 connubio
2008 2746 2348 2831 Helenae;
2392 2747 2461 2815 in
2500 2746 2601 2816 al-

243 2857 380 2917 tera
427 2858 623 2941 parte
673 2858 996 2941 quattuor
1047 2849 1344 2942 strophis
1397 2849 1698 2919 Helenae
1745 2848 1989 2920 laudes
2036 2849 2474 2942 praedicant;
2528 2849 2600 2917 in

241 2961 428 3042 parte
453 2950 654 3022 tertia
690 2951 1179 3044 sempiternam
1207 2952 1274 3021 ei
1308 2952 1711 3022 memoriam
1747 2952 2158 3045 promittunt·
2179 2955 2403 3022 fausta
2439 2972 2599 3044 pre—

245 3064 507 3139 cantes3
547 3064 902 3147 postremo
935 3055 1006 3123 in
1042 3054 1272 3147 epodo
1310 3054 1687 3125 thalamum
1723 3054 2136 3147 ingredienti
2172 3054 2594 3136 valedicunt,

243 3158 549 3248 proximo
587 3179 794 3228 mane
831 3157 1201 3229 rediturae.

441 3261 779 3354 Singulari
806 3261 1052 3332 ordine
1077 3260 1457 3354 wdispositae
1484 3269 1645 3331 sunt
1673 3259 2000 3353 strophae
2031 3260 2376 3344 carminiS,
2408 3258 2597 3352 quod
2615 3293 2668 3344 p.
2687 3283 2741 3328 ⁴⁴

244 3362 309 3431 in
361 3356 809 3435 undecimo
860 3364 1094 3457 idyllio
1147 3364 1437 3457 Cyclops
1490 3363 1711 3447 canit,
1765 3362 1857 3434 de
1912 3385 2050 3456 quo
2103 3385 2192 3434 ne
2244 3363 2398 3455 quis
2434 3384 2597 3456 pro-
2615 3391 2688 3441 x1

242 3476 473 3556 pterea
508 3468 800 3552 dubitet,
837 3468 1027 3560 quod
1064 3477 1387 3561 corrupta
1424 3466 1698 3538 duobus
1735 3467 1904 3537 locis
1933 3468 2272 3561 scriptura
2307 3489 2455 3537 rem
2492 3467 2595 3535 in·-

246 3579 497 3641 certam
546 3570 833 3655 reddat,
888 3571 1286 3642 consideret
1337 3591 1546 3663 quam
1610 3570 1833 3641 facilis
1899 3571 1986 3641 sit
2053 3570 2411 3662 utriusque
2463 3569 2598 3639 loci

244 3674 648 3745 emendatio.
707 3674 882 3744 Nam
908 3697 975 3745 v.
1010 3673 1310 3746 22-24
1341 3673 1808 3744 restituendus
1845 3684 1952 3744 est
1987 3675 2207 3746 iustus
2234 3673 2409 3745 ordo
2435 3693 2599 3742 ver-

248 3794 462 3863 suum,

442 3878 711 3973 φεύγεις
746 3881 807 3950 δ’
850 3879 1066 3974 ὥςπερ
1106 3879 1211 3956 ὄϊς
1247 3878 1493 3951 πολιὸν
1528 3876 1736 3949 λύκον
1774 3877 2183 3975 ἀθρήσασα,

444 3983 695 4077 φοιτῇς
729 3985 791 4053 δ’
833 3976 993 4053 αὖθ’
1036 3981 1285 4071 οὕτως,
1330 3983 1501 4054 ὅκκα
1534 3981 1780 4072 γλυκὺς
1814 3982 2033 4059 ὕπνος
2069 3982 2182 4077 ἔχῃ
2219 4008 2335 4073 με,

446 4089 595 4180 οἴχῃ
636 4087 695 4154 δ’
736 4080 934 4161 αὖτις
973 4086 1160 4173 ἰοῑσ’,
1205 4084 1371 4154 ὅκκα
1404 4085 1649 4175 γλυκύς
1684 4085 1904 4162 ὕπνος
1941 4085 2073 4176 ἀνῇ
2109 4106 2223 4175 με·

246 4202 309 4250 v,
347 4188 720 4261 60..autem
749 4208 861 4258 res
889 4188 1036 4281 ipsa
1066 4187 1369 4258 ostendit
1393 4189 1567 4259 velle
1596 4188 1969 4282 Cyclopem
1996 4188 2270 4258 urinare
2300 4188 2599 4276 discere,

246 4284 307 4352 si
341 4291 465 4360 sibi
499 4291 856 4384 contingat
889 4291 1051 4361 navi
1087 4290 1158 4359 in
1195 4291 1405 4363 altum
1444 4313 1634 4361 mare
1669 4291 1998 4385 provehi:
2038 4313 2253 4384 quare
2289 4294 2602 4365 scriben-

251 4386 440 4462 dum:
480 4395 606 4465 νῦν
641 4393 786 4486 μὰν
826 4388 879 4464 ὦ
912 4391 1183 4490 κόριον,
1227 4394 1355 4464 νῦν
1390 4389 1481 4464 αὖ
1519 4392 1804 4466 δύπτειν
1838 4422 1911 4485 γε
1943 4395 2345 4487 μαθεῦμαι.
2409 4399 2599 4467 Stro-

248 4490 530 4581 pharum
555 4498 764 4589 igitur
790 4496 964 4568 ordo
991 4496 1102 4566 hic
1131 4504 1265 4567 est:
1302 4500 1367 4568 3.
1405 4500 1470 4568 3.
1509 4500 1572 4567 3.
1608 4499 1676 4571 2.
1730 4499 1741 4589 Ι
1794 4497 1858 4569 4.
1895 4497 1959 4569 4.
2000 4496 2062 4567 4.
2098 4500 2167 4571 2.
2218 4499 2230 4589 Ι
2280 4505 2346 4572 6.
2383 4500 2449 4570 4.
2486 4502 2551 4569 6.
2586 4494 2595 4593 Ι

345 4712 521 4778 Hunni.
555 4717 664 4779 Or.
693 4717 843 4780 VIII.
2105 4722 2184 4783 W
