3328 5326
762 402 883 462 338
1677 401 2174 464 THEOGRITUS.
3254 407 3257 518 l

567 616 734 667 xxm
959 592 1465 664 Vicesimum
1517 593 1862 664 tertium
1911 592 2225 686 idyllion,
2283 593 2482 664 valde
2532 592 2700 664 illud
2749 594 3015 686 quidem
3045 618 3080 666 a

756 695 1100 766 Theocriti
1137 696 1413 788 ingenio
1451 694 1857 780 abhorrens,
1897 697 2214 788 querelas
2240 696 2450 768 habet
2478 697 2823 782 amatoris,
2862 698 2972 791 qui
3003 700 3079 769 ob

753 799 1116 870 saevitiam
1169 800 1376 870 amati
1417 799 1611 892 pueri
1668 800 1880 869 vitam
1928 798 2305 893 suspendio
2348 800 2738 892 relinquere
2773 800 3078 872 decrevit.

752 904 1006 973 Earum
1051 903 1225 973 ratio
1263 903 1658 996 planissima
1695 911 1829 973 est:
1888 905 1952 974 6.
1989 905 2054 973 3.
2090 904 2157 976 2.
2191 904 2258 976 2.
2295 906 2360 974 3.
2413 897 2423 1001 Ι
2475 906 2539 972 3.
2578 901 2643 972 4.
2680 901 2744 972 4.
2784 906 2847 973 3.
2930 904 3083 974 Nam

752 1027 996 1077 versus
1062 1008 1179 1077 30.
1232 1008 1348 1076 31.
1410 1027 1585 1098 quos
1647 1005 1982 1099 Hauptius
2044 1006 2109 1074 in
2174 1005 2790 1077 Observationibus
2854 1008 3086 1078 criticis

753 1132 818 1202 p.
857 1109 975 1180 66.
1007 1109 1164 1179 eiici
1200 1109 1509 1194 volebat,
1563 1131 1687 1180 cur
1723 1131 1855 1201 ego
1892 1131 2031 1180 non
2067 1120 2430 1203 suspectos
2466 1109 2796 1194 habeam,
2849 1108 2988 1179 dixi
3030 1112 3088 1180 in

752 1212 968 1283 Iahnii
1003 1211 1381 1284 Annalibus
1419 1234 1477 1283 a.
1533 1212 1752 1283 484⁴.
1796 1214 1961 1283 fasc.
2007 1214 2071 1282 3.
2117 1235 2182 1306 p.
2220 1214 2389 1286 260.
2473 1212 2833 1284 Debebam
2879 1224 3089 1286 autem

753 1336 1033 1386 versum
1073 1318 1188 1386 31.
1221 1337 1363 1386 non
1398 1325 1474 1386 ut
1510 1315 1649 1385 illic
1687 1316 1821 1386 feci
1856 1324 2145 1400 mutare,
2183 1314 2488 1410 (Ameisii
2527 1316 2886 1411 typotheta
2921 1319 3089 1387 ἀπω-

754 1420 842 1513 ρῇ
878 1441 1005 1511 pro
1042 1419 1331 1513 ἀπωχρῇ
1369 1418 1620 1515 posuit)
1667 1420 1794 1490 sed
1830 1418 2162 1505 scribere,

1061 1522 1109 1592 ἁ
1145 1520 1217 1591 δὲ
1250 1521 1418 1610 χιών
1453 1520 1658 1592 λευκά
1688 1524 1851 1592 'ou‘
1893 1515 2265 1593 κατάνεται
2302 1520 2506 1592 ἁνίκα
2530 1523 2796 1617 ταχθῇ.

958 1625 1029 1694 Si
1066 1624 1243 1694 haec
1272 1624 1535 1717 -aliquid
1573 1624 2069 1718 probabilitatis
2105 1624 2399 1709 habent,
2444 1624 2634 1717 quod
2668 1627 2893 1696 fateor
2928 1625 3095 1696 eius-

752 1727 940 1798 modi
976 1749 1133 1798 esse
1172 1737 1266 1813 ut,
1306 1728 1362 1799 si
1400 1727 1553 1819 quis
1587 1729 1773 1798 veris
1809 1727 2052 1797 similia
2087 1750 2245 1799 esse
2282 1729 2645 1813 concedat,
2682 1749 2858 1799 vera
2883 1738 3095 1801 autem

752 1852 910 1902 esse
963 1842 1204 1924 neget,
1274 1852 1414 1902 non
1477 1832 1695 1924 possit
1761 1831 1989 1922 aliquo
2042 1831 2291 1901 invicto
2343 1840 2749 1924 argumento
2802 1832 3093 1915 refutari,

750 1934 969 2005 maior
1005 1935 1213 2005 etiam
1250 1934 1586 2006 dubitatio
1623 1935 1888 2005 moveri
1923 1923 2187 2027 poterit'
2211 1934 2301 2005 de
2337 1935 2419 2004 iis
2445 1935 2810 2028 poematis⁹
2852 1936 2922 2005 in
2958 1935 3095 2029 qui-

750 2036 881 2109 bus
917 2039 1178 2110 nullum
1213 2037 1403 2130 quod
1440 2048 1725 2109 canatur
1763 2058 2039 2108 carmen
2091 2039 2469 2130 profertur,
2522 2037 2652 2109 sed
2699 2049 2909 2132 poeta
2962 2040 3095 2132 ipse

749 2142 864 2211 vel
913 2150 1147 2212 narrat
1198 2141 1455 2233 aliquid
1491 2142 1603 2211 vel
1658 2163 1784 2213 sua
1820 2141 2117 2233 cogitata
2163 2141 2468 2234 exponit.
2562 2141 2962 2213 Verendum
3006 2150 3097 2212 est

607 2233 623 2256 '
750 2244 933 2314 enim
984 2266 1073 2315 ne
1125 2245 1254 2338 ipsi
1305 2244 1505 2315 nobis
1555 2245 1822 2315 somnia
1874 2242 2213 2336 fingamus
2249 2244 2760 2338 perdamusque
2800 2266 3093 2338 operam,

750 2348 809 2418 si
845 2346 1250 2419 artificiosas
1286 2348 1726 2441 stropharum
1762 2347 2313 2440 comparationes
2354 2347 2982 2433 comminiscamur,
3019 2346 3096 2418 de

748 2451 998 2543 quibus
1034 2451 1165 2545 ipsi
1200 2462 1450 2545 poetae
1486 2472 1576 2521 ne
1614 2451 2069 2543 cogitaverint
2104 2450 2403 2543 quidem.
2463 2450 2839 2543 Viderique
2876 2460 3097 2545 potest

749 2552 822 2622 id
858 2575 943 2624 eo
982 2554 1403 2648 probabilius
1440 2575 1621 2638 esse,
1651 2553 1841 2646 quod
1869 2573 2368 2645 saepenumero
2397 2553 2696 2625 dubitari
2721 2565 2984 2647 potest,
3013 2554 3098 2624 sic

752 2677 838 2725 an
888 2657 1084 2728 aliter
1130 2657 1656 2729 constituendae
1706 2657 1841 2728 sint
1891 2656 2238 2751 strophae.
2346 2656 2520 2728 Nam
2570 2658 2843 2751 poesiS‚
2897 2658 3100 2752 qualis

750 2760 926 2831 haec
963 2761 1436 2832 bucolicorum
1471 2770 1608 2846 est,
1661 2781 1841 2853 quae
1893 2761 2264 2831 maximam
2318 2770 2584 2854 partem
2640 2783 2731 2832 ex
2776 2762 3099 2834 brevibus

750 2862 952 2934 dictis
990 2875 1097 2935 est
1133 2864 1548 2958 composita,
1601 2865 1750 2958 ipsa
1800 2873 2043 2935 natura
2095 2885 2221 2936 sua
2271 2865 2423 2935 talis
2473 2874 2580 2935 est
2629 2874 2704 2937 ut
2756 2864 2833 2935 in
2884 2874 3099 2959 partes

750 2968 897 3038 fere
934 2970 1047 3038 vel
1086 2987 1290 3063 pares
1329 2969 1434 3039 vel
1472 2968 1728 3039 similes
1764 2967 1983 3039 dividi
2019 2969 2254 3060 possit.
2342 2967 2566 3039 Nihilo
2618 2978 2849 3038 tamen
2889 2969 3098 3038 minus

748 3072 930 3142 illam
968 3072 1391 3167 strophicam
1426 3072 1765 3143 rationem
1800 3093 1940 3142 non
1968 3071 2453 3164 negligendam
2480 3071 2796 3156 arbitror,
2830 3083 2909 3142 ut
2935 3090 3099 3164 quae

750 3175 935 3269 apud
985 3185 1228 3269 poetas
1274 3176 1628 3247 bucolicos
1682 3176 1750 3244 in
1798 3174 2371 3246 consuetudinem
2413 3175 2705 3245 vertisse
2767 3175 3092 3251 videatur.

750 3279 901 3348 Non
956 3279 1140 3348 enim
1192 3279 1377 3372 apud
1429 3280 1597 3350 alios
1649 3289 2010 3372 poetarum
2058 3276 2685 3350 Alexandrinorum
2740 3288 2891 3348 tam
2944 3299 3095 3349 con-

748 3389 1009 3450 stanter
1044 3382 1476 3452 observatam
1513 3381 1859 3465 videmuS‚
1915 3380 2041 3451 sed
2076 3382 2481 3474 plerumque
2517 3381 2609 3450 illi
2647 3381 2870 3452 libero
2907 3391 3094 3453 utun-

749 3493 857 3554 tur
892 3505 1099 3555 cursu
1135 3485 1483 3555 orationis,
1541 3486 1779 3576 ltaque
1823 3483 2060 3554 critico
2099 3494 2290 3553 certe
2327 3484 2416 3555 ad
2452 3484 2656 3555 istum
2692 3503 2973 3556 morem·
2998 3491 3091 3554 est

749 3585 1283 3671 attendendum,
1335 3589 1492 3679 quia
1544 3587 1732 3658 haud
1769 3608 2012 3680 parum
2048 3587 2604 3658 emendationem
2641 3608 2889 3658 eorum
2925 3605 3088 3680 quae

747 3700 1071 3784 corrupta
1107 3699 1267 3761 sunt
1302 3690 1605 3775 adiuvat,
1646 3711 1731 3760 ac
1768 3712 1908 3761 non
1943 3711 2315 3782 numquam
2352 3691 2558 3760 etiam
2596 3690 2712 3761 ubi
2739 3691 2930 3761 nulla
2959 3688 3087 3759 vitii

592 3816 725 3876 μη
748 3794 1048 3887 suspicio
1088 3803 1195 3864 est
1230 3803 1464 3865 monet
1498 3814 1588 3863 ne
1626 3792 1827 3863 nimis
1864 3794 2087 3865 securi
2127 3794 2359 3865 simus.
2418 3794 2759 3887 Exemplo
2787 3815 2950 3864 esse
2975 3812 3090 3886 po·

629 3914 725 3964 xn
749 3907 880 3968 test
917 3896 1200 3991 idyllion
1234 3896 1281 3968 d
1303 3896 1878 3968 uodecimum.
1958 3897 2033 3967 Id
2071 3898 2299 3967 Ionica
2332 3895 2632 3968 dialecto
2667 3897 2999 3990 scriptum
3032 3895 3092 3963 in

748 4022 1162 4093 unaquaque
1200 4001 1403 4073 trium
1439 4022 1526 4071 ex
1561 4001 1811 4092 quibus
1840 4010 2110 4071 constat
2137 4000 2430 4093 partium
2471 4001 2645 4070 ultro
2681 3998 2864 4070 hanc
2902 3998 3089 4069 offert

746 4102 1080 4174 rationem
1120 4105 1589 4198 stropharum:
1632 4105 1702 4175 2.
1735 4104 1801 4176 2.
1840 4105 1903 4173 3.
1939 4105 2005 4176 2.
2040 4105 2106 4176 2.
2160 4102 2170 4194 Ι
2222 4106 2287 4174 3.
2322 4104 2389 4176 2.
2426 4105 2493 4173 3.
2528 4104 2594 4176 2.
2633 4105 2700 4173 3.
2737 4104 2806 4175 2.
2861 4104 2872 4194 Ι
2924 4104 2986 4172 3.
3031 4101 3089 4171 2.

751 4206 817 4278 2.
857 4205 919 4276 4.
981 4208 1184 4291 Quod
1219 4209 1278 4279 si
1312 4209 1532 4302 prima
1570 4207 1811 4277 tertiae
1847 4207 2059 4300 partis
2096 4205 2380 4300 stropha
2416 4227 2555 4276 uno
2597 4226 2805 4276 versu
2845 4203 3096 4275 auctior

749 4320 967 4394 esset,
1020 4310 1192 4382 haec
1244 4333 1522 4405 quoque
1572 4332 1734 4404 pars
1783 4309 2030 4381 eadem
2068 4308 2421 4402 diligentia
2457 4329 2595 4401 qua
2631 4309 2891 4379 alterae
2927 4306 3093 4378 duae

752 4434 990 4485 secum
1026 4424 1459 4507 congrueret.
1517 4413 1727 4507 Atqui
1762 4434 1989 4505 neque
2026 4412 2093 4483 in
2125 4412 2468 4485 Theocriti
2496 4411 2685 4483 libris
2712 4433 2797 4482 ea
2824 4407 3094 4502 stropha

753 4519 982 4611 plures
1017 4539 1254 4590 versus
1291 4541 1497 4610 quam
1533 4518 1661 4589 hos
1698 4517 1944 4588 habet:

3224 3272 3247 3759 ⁴

3222 3904 3245 4255 ⁴
