3328 5326
1236 368 1632 434 ammaus.
2547 375 2618 451 8¹

262 562 513 633 deinde
564 576 795 636 autem
850 584 1032 656 quae
1083 563 1269 657 apud
1307 564 1706 658 Dionysium
1745 564 1813 635 in
1848 564 2021 660 ἐμῆς
2070 566 2274 649 latet,
2329 565 2631 658 negandi

258 667 660 760 particulam
722 666 1048 738 habuisse
1110 664 1254 763 μή,
1312 688 1451 760 quo
1503 686 1905 751 monemur,
1959 686 2050 736 ne
2103 677 2223 738 aut
2272 668 2461 758 ἐμῶν
2515 680 2633 740 aut

259 769 412 861 ἐμοὶ
444 779 563 842 aut
586 774 797 861 ἐμαῖς
816 770 1221 840 scribamus.
1272 771 1626 841 Sententia
1655 793 1847 856 vem,
1879 790 2088 863 quam
2115 770 2229 842 ille
2257 771 2629 863 expressit,

260 894 470 964 quum
506 873 773 943 Graece
823 873 922 944 sic
971 874 1312 945 enuntiari
1357 874 1710 960 debuerit,
1748 871 1846 972 μή
1886 900 1961 944 σε
1997 874 2131 964 δῷς
2165 867 2354 964 κόπῳ
2396 900 2628 965 σωμα-

259 977 466 1046 τικῶν
505 974 877 1067 ὀμμάτων,
922 976 1053 1047 hoc
1090 977 1373 1069 quidem
1410 977 1620 1049 modo
1674 998 1816 1048 non
1862 986 2095 1072 potest
2146 977 2338 1048 credi
2375 977 2446 1046 in
2483 976 2632 1048 eius

258 1080 428 1149 libro
484 1079 697 1150 fuisse
748 1081 1170 1175 perscripta:
1223 1080 1391 1152 illud
1441 1091 1673 1152 autem
1724 1082 1791 1152 in
1846 1089 2032 1151 tanta
2086 1079 2386 1151 hominis
2433 1080 2751 1173 igno-pa

259 1184 481 1253 rantia
528 1182 863 1279 credibile
908 1192 1046 1269 est,
1098 1185 1212 1255 vel
1264 1185 1517 1276 legisse
1567 1207 1730 1257 eum
1781 1186 1892 1257 vel
1945 1184 2184 1277 legere
2236 1184 2367 1254 sibi
2414 1184 2629 1256 visum

260 1307 413 1357 esse
450 1286 629 1357 haec
665 1284 992 1358 barbara:
1036 1287 1230 1364 ἀκτὶς
1267 1287 1522 1372 ἀελίου,
1561 1295 1695 1359 παῖ
1726 1284 2163 1375 πολύσκοπε,
2204 1286 2302 1383 μὴ
2344 1283 2635 1378 δόμεναι

259 1386 448 1460 κόπω
496 1390 926 1484 σωματὲρων
964 1387 1346 1481 ὀμμάτων.
1428 1391 1588 1462 Ἠοο
1639 1393 1825 1462 enim
1873 1392 1930 1462 si
1978 1390 2348 1475 sumimus,
2387 1399 2635 1482 sponte

264 1514 336 1562 se
387 1492 611 1563 offert
642 1502 878 1586 aptum
931 1503 1138 1584 atque
1188 1495 1471 1586 elegans
1508 1498 2098 1589 complementum
2131 1482 2425 1564 lacunae
2457 1492 2632 1564 hoc:

262 1595 449 1717 ἀκτὶς
501 1592 733 1666 ἀελίου
750 1645 775 1685 ,
833 1596 911 1666 τί
946 1594 1341 1667 πολύσκοπε
1388 1600 1755 1694 μηδομένα
1803 1597 1955 1670 πότ
1961 1638 1990 1686 ,
2045 1591 2098 1666 ὦ
2148 1591 2455 1692 ὸμάτειρ’
2507 1598 2639 1687 ὀμ-

262 1693 548 1788 μάτων,
609 1737 702 1750 —-
760 1698 1019 1795 ἔθηκας
1082 1693 1449 1790 ἀμάχανον
1503 1700 1707 1789 ισχυν
1766 1698 2080 1773 ποτανὸν
2142 1697 2471 1794 ἀνὸράσι;
2536 1699 2640 1771 Ac

265 1800 534 1871 πτανὸν
584 1801 900 1892 quidem,
948 1803 1142 1899 qnod
1192 1801 1327 1872 hac
1380 1806 1602 1874 forma
1647 1827 1787 1876 non
1834 1824 1998 1876 usus
2037 1803 2123 1872 sit
2160 1802 2522 1888 PindaruS,
2571 1802 2642 1872 in

264 1904 576 1974 ποτανὸν
608 1906 903 1976 mutavit
940 1906 1299 1998 Berg'kius‚
1339 1928 1547 1999 quem
1580 1919 1866 1980 secutus
1904 1917 2012 1978 est
2040 1906 2638 1978 SchneidewinuS.

268 2007 844 2079 Ter-minationem
901 2009 1182 2100 quidem
1235 2018 1311 2078 ut
1360 2020 1740 2097 mutarent,
1796 2034 1881 2084 eo
1938 2010 2165 2081 minus
2229 2031 2405 2104 opus
2469 2020 2642 2093 erat,

266 2109 449 2202 quod
505 2132 633 2181 cur
664 2113 1118 2183 masculinam
1155 2114 1449 2183 formam
1485 2116 1888 2208 praetulerit
1922 2112 2261 2183 Pindarus
2299 2113 2500 2182 facile
2538 2112 2644 2182 in-

268 2214 609 2306 telligitur.
687 2216 887 2287 Nullo
937 2216 1149 2287 modo
1197 2226 1428 2287 autem
1474 2218 1755 2311 probari
1806 2225 2068 2312 potest,
2116 2216 2307 2308 quod
2355 2215 2647 2286 Schnei-

266 2317 612 2401 dewinuS,
654 2320 979 2410 quoniam
1015 2319 1092 2391 in
1127 2320 1439 2413 Dionysii
1474 2321 1722 2393 codice
1760 2320 2069 2392 Parisino
2112 2317 2330 2390 4745.
2374 2318 2638 2389 πτανὸν

267 2416 511 2515 δράσιν
546 2423 879 2515 scriptum
916 2431 1057 2509 est,
1096 2423 1214 2516 qui
1249 2424 1656 2496 manifestus
1696 2447 1892 2498 error
1927 2434 2035 2495 est
2072 2422 2380 2507 scribae,
2420 2421 2645 2514 suspi-

270 2534 456 2595 catus
505 2535 616 2595 est
664 2527 1039 2619 legendum
1094 2548 1253 2598 esse
1295 2528 1617 2598 ποτανὰν
1667 2527 1954 2624 φρασίν.
2068 2528 2240 2597 Nam
2291 2522 2459 2618 quid
2508 2525 2646 2596 hoc

272 2630 413 2699 est?
468 2627 651 2701 Num
678 2640 948 2702 mentes
974 2630 1333 2702 hominum
1362 2630 1710 2702 debilitari
1738 2630 2135 2704 defectione
2171 2630 2334 2700 solis
2361 2637 2648 2723 putasse

274 2731 640 2803 Pindarum
694 2734 1184 2806 censebimus‘?
1253 2736 1468 2805 Immo
1518 2735 1655 2806 hoc
1711 2737 1826 2807 ille
1861 2736 2104 2818 voluit,
2159 2735 2388 2804 alacre
2434 2731 2648 2804 robur

280 2834 630 2906 hominum
664 2837 736 2906 in
774 2838 1064 2932 agendis
1091 2839 1386 2931 negotiis
1414 2838 1733 2910 hebetari
1768 2841 1915 2911 sole
1956 2838 2350 2909 obscuram.
2407 2836 2646 2930 Itaque

280 2933 478 3009 etiam
514 2962 698 3032 quae
735 2941 1205 3036 superioribus
1244 2941 1481 3013 addita
1519 2953 1679 3013 sunt
1715 2944 1934 3014 verba
1986 2941 2103 3012 καὶ
2143 2938 2398 3033 σοφίας
2447 2936 2642 3029 ὁδόν,

280 3063 410 3112 non
445 3042 774 3116 videntur
811 3045 977 3115 vitio
1017 3066 1238 3117 vacua
1289 3066 1466 3115 esse.
1543 3046 1824 3116 Minime
1860 3067 2033 3117 vero
2067 3042 2467 3115 faciendum
2515 3052 2645 3126 est,

282 3146 462 3236 quod
510 3148 681 3217 fecit
716 3149 1081 3242 BergkiuS,
1138 3150 1254 3240 qui
1300 3147 1574 3241 scripsit
1609 3149 1724 3219 καὶ
1764 3148 2051 3240 σοφίαν,
2091 3167 2339 3241 parum
2375 3155 2648 3237 gratum

278 3268 430 3318 esse
483 3250 743 3343 σοφίας
805 3251 971 3322 ὁδὸν
1034 3252 1313 3337 dicens,
1366 3252 1526 3344 quia
1593 3261 1922 3344 sequatur
1977 3245 2322 3346 ἀτραπόν.
2378 3331 2386 3337 ,
2435 3249 2649 3332 Quasi

281 3354 566 3442 gratiuS,
607 3375 689 3424 ac
725 3375 867 3425 non
916 3355 1147 3448 potius
1199 3356 1738 3449 ingratissimum
1775 3365 1847 3425 et
1880 3355 2085 3448 plane
2121 3362 2649 3447 praeposterum

280 3455 402 3539 sit,
452 3457 644 3548 quod
697 3457 846 3551 ipse
898 3459 1164 3552 posuit,
1218 3458 1384 3530 ὁδὸν
1421 3458 1535 3530 ἐπὶ
1573 3455 1863 3536 σκότους
1914 3454 2234 3552 ἀτραπὸν
2269 3455 2642 3547 ἐσσυμένα.

284 3557 428 3650 Ego
462 3579 596 3632 nec
632 3561 801 3653 quid
842 3560 1096 3655 σοφίας
1132 3557 1326 3651 ὁδόν,
1370 3563 1585 3633 multo
1636 3562 1862 3632 minus
1913 3569 2144 3632 autem
2181 3557 2351 3651 quid
2390 3557 2650 3649 σοφίαν

284 3660 396 3732 hic
428 3663 819 3756 significare
856 3664 1086 3737 dicam
1122 3665 1300 3749 sci0,
1341 3665 1469 3736 sed
1504 3663 1876 3736 Pindarum
1924 3663 2286 3756 scripsisse
2323 3669 2497 3755 puto
2534 3659 2649 3728 καὶ

284 3766 665 3859 σαφανείας
716 3765 916 3857 ὀδόν,
972 3789 1111 3860 quo
1159 3778 1469 3861 ereptam
1521 3790 1680 3839 esse
1731 3768 2111 3838 claritatem
2147 3765 2320 3838 lucis
2357 3761 2648 3847 diceret,

280 3887 422 3958 qua
456 3891 628 3964 opus
668 3871 759 3943 ad
797 3871 1145 3964 agendum
1183 3881 1308 3943 est.

488 3974 725 4045 Restat
785 3974 1133 4068 quaedam
1182 3997 1321 4046 non
1380 3975 1652 4045 silentio
1706 3969 2235 4044 transmittenda
2287 3969 2646 4041 dubitatio.

276 4072 482 4155 Quae
541 4079 761 4150 verba
821 4099 1031 4172 supra
1093 4079 1454 4172 praeterii,
1519 4077 1783 4172 ἄστρον
1843 4078 2238 4171 ὑπέρτατον
2299 4077 2373 4145 ἐν
2405 4071 2655 4167 ’ὧμεᾯᾳ

281 4176 772 4272 κλεπτόμενον,
813 4183 1235 4275 putabantur
1282 4191 1565 4252 ornatus
1602 4199 1853 4251 caussa
1887 4178 1981 4250 ad
2021 4176 2213 4254 ἀκτὶς
2261 4173 2493 4247 ἀελίου
2530 4195 2657 4268 ap-

274 4282 512 4370 posita
560 4305 739 4356 esse.
829 4284 919 4354 At
966 4307 1108 4356 non
1162 4286 1384 4356 solum
1435 4286 1610 4354 haec
1662 4301 1917 4377 magna
1965 4279 2468 4351 inconcinnitas
2521 4287 2652 4362 est,

272 4385 479 4473 quod
503 4388 699 4459 radio
727 4388 913 4474 solis,
942 4409 1154 4483 quem
1181 4388 1652 4482 appellaverat
1678 4396 1907 4481 poeta,
1938 4386 2007 4455 in
2036 4382 2285 4455 eadem
2313 4380 2656 4453 sententia

270 4494 482 4557 telus
527 4491 627 4561 sol
679 4492 1147 4578 substituitur,
1198 4492 1604 4586 praesertim
1667 4509 1881 4607 quum
1949 4488 2178 4582 paullo
2232 4495 2389 4581 post
2433 4482 2658 4555 oratio

281 4607 531 4662 rursus
570 4594 662 4665 ad
713 4595 983 4668 radium
1034 4605 1514 4680 convertatur,
1568 4593 1698 4665 sed
1751 4592 1995 4677 etiam,
2048 4591 2105 4661 si
2155 4592 2256 4662 sic
2309 4587 2660 4659 enuntiata

383 4710 569 4774 nm.
606 4715 712 4775 οι».
746 4715 899 4780 vm.
2208 4710 2251 4769 F
