3328 5326
698 397 822 461 372
1719 396 2056 460 HYMNUS.

696 589 1129 660 Bruchstiick
1190 589 1382 660 einer
1446 589 1938 683 pindarischen
1989 589 2140 661 Ode
2194 599 2839 661 zusammensetzen
2894 590 3085 660 liess.

693 696 840 765 Aus
891 692 1298 763 demselben
1339 693 1832 764 Schriftsteller
1881 694 2073 786 giebt
2118 715 2194 763 er
2233 694 2324 762 im
2362 694 2663 764 zweiten
2700 694 2908 763 Hefte
2954 694 3089 763 des

694 798 951 868 dritten
995 796 1271 866 Bandes
1326 798 1483 867 eine
1530 797 1795 867 andere
1836 797 2080 880 Smne,
2133 798 2202 865 in
2249 797 2563 867 welcher
2601 796 3090 868 Bruchstilcke

692 902 952 971 zweier
989 900 1305 993 Hymnen
1344 903 1470 971 auf
1499 900 1637 971 den
1679 901 1855 970 Attis
1892 901 2248 971 enthalten
2295 901 2484 985 sind,
2525 900 2640 970 die
2677 922 2789 985 er,
2845 900 2939 971 da
2978 901 3088 971 sie

694 1004 854 1074 sehr
891 1005 1279 1074 verdorben
1314 1005 1707 1096 vorliegen,
1747 1003 1872 1073 mit
1907 1004 2124 1074 vieler
2160 1004 2713 1074 Gelebrsamkeit
2750 1004 3095 1074 erlautert

692 1108 837 1178 und
875 1107 1143 1178 wieder
1195 1107 1654 1178 he1=zustellen
1697 1108 2028 1178 versucht
2079 1107 2217 1177 hat.
2301 1108 2428 1177 Die
2484 1108 2531 1175 F
2536 1107 2754 1178 rende
2807 1107 3090 1179 wieder

692 1222 914 1282 etwas
976 1231 1194 1281 neues
1246 1232 1337 1280 an
1395 1210 1523 1282 das
1576 1211 1772 1280 Licht
1823 1234 1906 1280 zu
1959 1212 2249 1302 brin'gen
2302 1233 2464 1305 mag
2515 1211 2708 1281 wohl
2765 1211 3088 1282 Ursaebe

690 1315 862 1396 sein,
903 1315 1066 1386 dass
1103 1336 1181 1383 er
1218 1314 1367 1383 sein
1407 1314 1849 1405 Augenmerk
1899 1314 2301 1406 vorznglich
2356 1318 2481 1385 auf
2520 1314 2717 1387 disse
2757 1316 3083 1408 Hymnen

688 1419 984 1488 richtete
1021 1418 1160 1488 und
1198 1418 1314 1488 die
1354 1419 1568 1487 Stella
1607 1418 1736 1488 des
1767 1419 2319 1501 Schrit'tsteller5‚
2360 1417 2487 1489 der
2524 1419 2638 1489 die
2668 1420 2913 1488 Worte
2952 1419 3091 1490 der

687 1522 1282 1614 Hymnendichter
1318 1522 1616 1604 austum,
1658 1522 1973 1613 weniger
2011 1521 2399 1592 beachtete.
2461 1523 2601 1593 Der
2632 1522 3083 1613 griechische

688 1627 863 1695 Text
901 1627 1113 1696 lautet
1152 1626 1328 1695 also:

901 1728 1149 1806 Οὕτως
1189 1726 1626 1816 σχεδιάζουσι
1662 1727 1752 1798 τὰ
1792 1729 1934 1799 ὑπὸ
1969 1723 2258 1798 πάντων
2295 1721 2698 1822 ἀνθρώπων
2733 1723 3085 1817 λεγόμενά

683 1860 757 1903 τε
796 1833 913 1902 καὶ
939 1828 1275 1922 γινόμενα
1302 1832 1479 1926 πρὸς
1509 1834 1689 1902 ι”ὸίον
1718 1832 1918 1918 νοῦν,
1951 1831 2387 1922 πνευματικὰ
2417 1828 2810 1922 φάσκοντες
2837 1828 3082 1901 πάντα

681 1935 1033 2025 γίνεσθαι.
1080 1935 1251 2006 ὅθεν
1288 1935 1406 2005 καὶ
1443 1934 1611 2011 τους
1646 1931 1988 2029 θεάτροις
2023 1935 2626 2023 ἐπιδεικνυμένους
2660 1935 2940 2023 λέγουσι
2970 1935 3078 2030 μή

683 2037 948 2116 αὐτούς
1007 2035 1465 2134 ἀπρονοήτως
1511 2039 1581 2109 τὶ
1635 2040 1852 2126 λέγειν
1908 2038 1951 2133 ἢ
2007 2044 2261 2109 ποιεῖν.
2341 2038 2752 2133 τοιγαροῦν,
2820 2036 3079 2132 φησίν,

682 2142 855 2213 ε’πὰν
913 2141 1273 2212 συνελθὼν
1318 2143 1357 2212 ὁ
1409 2143 1632 2234 δῆμος
1680 2145 1755 2211 ἐν
1806 2147 1961 2218 τοὶς
2008 2135 2352 2232 θεάτροις
2403 2138 2605 2218 εἰςίοι
2650 2166 2762 2216 τις
2817 2142 3081 2235 ἠμφιε-

684 2248 936 2338 σμένος
992 2245 1249 2341 στολην
1296 2244 1603 2330 ἔξαλλον,
1662 2242 1973 2338 κιθάραν
2020 2245 2252 2338 φέρων
2297 2243 2415 2313 καὶ
2464 2241 2778 2335 ψάλλων,
2845 2244 3078 2320 οὕτως

678 2352 851 2438 λε’γει
873 2400 894 2432 ,
956 2349 1141 2440 ᾄδων
1195 2347 1286 2417 τὰ
1338 2345 1608 2438 μεγάλα
1658 2345 2064 2442 μυστήρια,
2126 2348 2251 2416 οὐκ
2296 2345 2493 2423 εἰδώς
2533 2348 2578 2417 ἃ
2615 2347 2829 2437 λέγει,
2888 2349 3079 2417 εἴτε

558 2449 1041 2546 ρ.2Κρόνου
1084 2452 1369 2540 γένος,
1422 2454 1506 2521 εἰ
1543 2479 1634 2521 τε
1675 2449 1892 2528 Διὸς
1927 2446 2367 2544 μάκαρος,
2427 2453 2607 2520 εἴτε
2650 2452 2887 2527 Ῥεάς
2929 2477 3076 2540 με-

677 2553 891 2650 γάλη
918 2580 973 2631 ς.
1034 2559 1289 2647 χαῖρε
1346 2553 1446 2623 τὸ
1497 2552 1883 2648 κατηφὲς
1931 2554 2343 2645 ἄκουσμα
2376 2553 2648 2640 Ῥέας,
2679 2552 2927 2628 ’Ἁττι
2981 2578 3077 2624 σε

679 2657 1059 2730 καλοῦσι
1108 2655 1267 2748 μὲν
1306 2654 1781 2751 Ἀσσύριοι
1834 2652 2405 2753 τριπόθητον
2446 2655 2853 2747 ’Ἀδωνιν,
2910 2654 3070 2754 ὅλη

679 2764 737 2832 δ’
777 2760 1607 2856 ΑἴγυπτοςὍσιριν
1660 2759 2210 2855 ἐπουράνιον
2255 2761 2520 2857 μηνὸς
2568 2763 2857 2856 κε’ρας,
2886 2760 3069 2831 Ἑλ-

676 2869 880 2960 ληνε
903 2889 933 2941 ς
1018 2862 1381 2956 σοφίαν,
1463 2866 2079 2958 Σαμοθρᾷκες
2144 2864 2426 2955 Ἀδὰμ
2512 2861 3064 2956 σεβάσμιον,

673 2965 1117 3059 Αἰμόνιοι
1152 2962 1740 3098 Κορύβαντα,
1800 2969 1945 3038 καὶ
2002 2974 2083 3038 οἱ
2138 2964 2480 3061 Φρύγες
2533 2967 2847 3038 ἄλλοτε
2902 2966 3068 3057 μὲν

675 3068 1039 3160 Πάπαν,
1117 3069 1334 3141 ποτὲ
1401 3072 1487 3142 δὲ
1553 3072 1805 3143 νέκυν
1867 3072 1910 3166 ἢ
1974 3067 2226 3157 θεόν,
2293 3071 2337 3166 ἢ
2404 3070 2559 3140 τὸν
2614 3069 3056 3166 ἄκαρπον,

670 3175 715 3270 ἢ
770 3172 1138 3245 αἰπόλον
1190 3175 1233 3271 ἢ
1288 3176 1649 3270 χλοερον
1708 3171 2038 3264 στάχυν
2094 3175 2603 3269 ἀμηθέντα,
2663 3174 2706 3269 ἢ
2765 3175 2856 3244 ὃν
2910 3200 3057 3243 πο-

671 3275 1113 3372 λύκαρπος
1150 3278 1494 3349 ἔτικτεν
1533 3275 1991 3369 άμύγδαλο
2015 3305 2045 3356 ς
2082 3278 2350 3370 ἄνερα
2392 3274 2847 3372 συρικτάν.
2891 3278 3055 3347 τοῦ·

670 3378 803 3451 τόν
856 3407 1073 3476 φησιν
1123 3376 1306 3451 εἶναι
1352 3380 1823 3475 πολύμορφον
1852 3380 2133 3468 ’Ἀττιν,
2187 3381 2270 3449 ὃν
2316 3381 2710 3472 ὑμνοῦντες
2745 3383 3059 3471 λέγουσιν

675 3483 927 3572 οὕτως,
978 3484 1259 3554 Ἄττιν
1310 3481 1651 3579 ὑμνήσω
1708 3484 1863 3554 τὸν
1895 3484 2194 3580 Ῥείης,
2259 3486 2411 3554 οὐκ
2467 3483 2795 3554 ὠδίνων
2850 3510 3050 3574 συμ-

669 3585 1063 3680 βόμβοις,
1125 3588 1300 3657 οὐδ’
1360 3588 1652 3659 αὐλῶν
1687 3587 2019 3659 Ἰὸαίων
2056 3583 2569 3682 Κουρήτων,
2628 3585 3043 3682 μύκτητα,

672 3692 845 3761 ἀλλ’
906 3689 1039 3768 οἷς
1095 3682 1507 3782 φοιβείαν
1560 3688 1775 3782 μίξω
1829 3693 2171 3783 μοῦσαν
2228 3688 2770 3784 φορμίγγων,
2830 3692 3042 3773 εὐοῖ,

669 3790 921 3864 εὐάν·
1010 3795 1115 3871 ὠς
1183 3791 1393 3881 πάν,
1471 3795 1578 3871 ὠς
1643 3791 2064 3885 βακχεύς,
2141 3794 2248 3870 ὠς
2311 3793 2657 3889 ποιμὴν
2727 3791 3049 3864 λευκῶν

671 3897 1044 3991 ἄστρων.
1134 3896 1251 3966 διὰ
1312 3894 1618 3973 τούτους
1681 3898 1799 3967 καὶ
1861 3897 2032 3974 τούς
2093 3893 2470 3974 τοιούτους
2530 3893 2783 3987 λόγους
2841 3920 3047 3987 παρε-

670 3995 1039 4094 ὃρεύουσιν
1080 3996 1283 4070 οὗτοι
1319 4007 1473 4079 τοῖς
1507 4002 1905 4091 λεγομένοις
1954 4001 2226 4096 μητρὸς
2258 3997 2563 4095 μεγάλης
2599 3999 3040 4123 μυστηρίοις,

667 4100 978 4194 μάλιστα
1028 4104 1354 4198 καθορᾶν
1403 4101 1803 4195 νομίζοντες
1847 4102 1963 4173 ὸιὰ
2001 4106 2146 4175 τῶν
2183 4104 2560 4197 δρωμένων
2598 4107 2739 4174 ἐκεῖ
2771 4104 2853 4173 τὸ
2888 4102 3047 4172 ὅλον

667 4200 1092 4329 μυστήριον.
1158 4206 1357 4277 οὐδὲν
1391 4208 1524 4301 γὰρ
1563 4207 1799 4295 ἔχουσι
1835 4208 2043 4276 πλέον
2082 4203 2284 4278 οὗτοι
2310 4208 2454 4277 τῶν
2479 4210 2618 4276 ἐκεῖ
2643 4206 3035 4301 ὁρωμένων,

667 4308 844 4405 πλὴν
892 4308 1007 4379 ὅτι
1062 4311 1187 4379 οὐκ
1224 4309 1402 4381 εἰσὶν
1441 4304 2028 4401 ἀποκεκομμένοι,
2071 4306 2298 4402 μόνον
2336 4310 2419 4379 τὸ
2457 4309 2661 4403 ἔργον
2697 4309 2838 4380 τῶν
2872 4308 3038 4377 ἀπο-

666 4438 1111 4505 κεκομιιενων
1147 4414 1521 4483 ἐκτελοῦσι.
1613 4422 1618 4429 ’

875 4517 1049 4585 Herr
1089 4517 1579 4587 Schneidewin
1621 4517 1907 4608 beginnt
1943 4517 2058 4588 die
2097 4518 2389 4609 Angabe
2427 4515 2553 4586 des
2591 4516 2883 4587 Inhaltes
2914 4511 3031 4580 mit

667 4622 910 4692 diesen
949 4620 1271 4689 Worten:
1331 4619 1645 4714 Disputat
1680 4619 1985 4714 scriptor,
2034 4620 2114 4691 dc
2151 4644 2276 4716 quo
2318 4619 2695 4692 accuratius
2731 4612 3032 4690 constabit
