3328 5326
1353 328 1737 393 HOMERUS.
2652 326 2732 389 93

376 527 689 610 portetur
724 540 807 589 ac
841 539 1092 589 venum
1119 519 1345 606 detur,
1373 540 1847 614 prospereque
1875 520 2298 592 succedente
2335 538 2421 589 eo
2458 517 2740 633 negoti-o

373 621 584 723 etiam
633 621 806 692 mari
857 622 1035 693 ultro
1077 623 1389 716 citroque
1426 633 1756 716 quaestus
1793 644 2040 695 caussa
2076 622 2463 716 navigetur,
2503 620 2740 711 acqui-

374 734 752 816 ranturque
804 745 1012 818 opeS,
1072 728 1320 818 quibus
1382 727 1553 799 alius
1615 726 2096 821 possidendiS,
2146 727 2316 799 alius
2366 723 2743 794 liberaliter

374 827 653 898 utendis
715 827 1037 920 gaudeat.
1113 831 1216 901 Eo
1282 830 1546 902 ducunt
1604 831 1885 901 nomina
1949 830 2392 914 PhorbantiS,
2444 825 2741 910 ActoriS,

373 926 587 1016 Mulii,
627 926 848 1001 Cteati
885 941 955 1001 et
990 932 1251 1027 Euryti.
1325 932 1782 1005 Confirmatur
1829 933 2019 1003 hoc
2003 933 2087 1004 iis
2123 954 2303 1026 quae
2339 952 2546 1027 porro
2584 950 2745 1000 nar-

374 1044 632 1105 rantur.
709 1034 1048 1106 Homerus
1084 1037 1274 1108 Iliad.
1306 1038 1380 1107 ΙΙ.
1416 1038 1586 1110 620.

580 1137 725 1207 τῶν
759 1136 889 1228 μὲν
926 1137 1028 1234 ἄρ’
1063 1139 1518 1234 Ἀμφίμαχος
1553 1140 1668 1210 καὶ
1713 1137 2020 1216 Θάλπιος
2055 1134 2500 1236 ἡγησάσθην,
2629 1209 2634 1215 ,

581 1241 820 1316 παῖδες
862 1238 1018 1337 [sic]
1078 1243 1116 1312 ὃ
1171 1242 1301 1335 μὲν
1336 1237 1705 1333 Κτεάτου,
1764 1243 1803 1312 ὃ
1855 1242 1917 1325 δῖ
1973 1240 2078 1338 ἄρ’
2115 1238 2456 1337 Εὐρύτου
2499 1240 2748 1311 Ἀκτο-

2071 1368 2296 1420 ιωνος.

380 1446 755 1517 Pausanias
782 1445 859 1517 V.
896 1449 963 1516 3.
1001 1450 1066 1517 3.
1105 1448 1459 1540 βασιλείαν
1496 1448 1565 1519 δὲ
1602 1448 1732 1546 τὴν
1763 1371 2064 1519 ἹΙλείωῖ
2086 1445 2520 1541 Ἀγασθένης
2556 1443 2748 1533 ἔσχεν
2767 1450 2899 1511 Ρ·45

381 1548 419 1619 ὁ
445 1549 733 1638 Αὐγέου
781 1549 896 1618 καὶ
928 1550 1380 1643 Ἀμφίμαχός
1417 1580 1491 1622 τε
1526 1552 1638 1622 καὶ
1687 1548 2014 1628 Θάλπιος.
2078 1549 2372 1643 ’Ἁκτορι
2418 1546 2550 1642 γὰρ
2598 1552 2749 1624 τοῖς

379 1650 623 1722 παισὶν
653 1650 951 1743 ἀδελφὰς
977 1654 1501 1745 ἑςαγαγομένοις
1529 1648 1824 1745 διδύμας
1850 1657 1919 1731 ἐς
1946 1651 2073 1723 τὸν
2092 1647 2313 1739 οἶκον,
2340 1649 2749 1741 Δεξαμενοῦ

377 1755 773 1849 θυγατέρας
809 1759 884 1825 ἐν
902 1754 1158 1849 Ὠλένῳ
1194 1750 1712 1850 βασιλεύοντος,
1756 1756 1855 1849 τῷ
1890 1755 2022 1847 μὲν
2056 1759 2128 1825 ἐκ
2162 1752 2552 1850 Θηρονίκης
2573 1751 2749 1842 Ἀμ-

382 1856 721 1950 φίμαχος,
761 1852 1069 1952 Εὐρύτῳ
1106 1859 1178 1931 δὲ
1212 1864 1284 1931 ἐκ
1324 1855 1736 1955 Θηρεφόνης
1771 1853 2063 1950 ἐγεγόνει
2106 1855 2434 1933 Θάλπιος.
2493 1855 2764 1929 Harum.

381 1959 667 2052 quidem
715 1959 1101 2033 Dexameni
1152 1961 1441 2037 filiarum
1494 1963 1774 2033 alterius
1824 1981 2081 2033 nomen
2144 1968 2544 2053 corruptum
2593 1979 2752 2031 esse

380 2083 519 2135 non
549 2063 776 2137 solum
803 2063 1211 2156 significatio
1247 2064 1571 2149 ostendit,
1610 2063 1823 2156 quod,
1861 2085 2071 2154 quum
2108 2063 2427 2157 opposita
2459 2062 2640 2135 inter
2673 2083 2754 2132 se

384 2188 538 2247 esse
592 2165 936 2252 debeant,
993 2168 1243 2243 eodem
1298 2168 1625 2253 redeunt,
1683 2166 1811 2238 sed
1864 2167 2294 2260 apertissime
2345 2165 2553 2237 etiam
2603 2165 2752 2257 ipsa

380 2270 681 2342 nominis
718 2272 936 2343 forma
974 2270 1254 2349 indicat.
1313 2272 1557 2345 Omnia
1595 2271 1804 2355 enim,
1842 2291 2022 2362 quae
2060 2269 2130 2339 in
2168 2268 2466 2360 antiquis
2503 2268 2755 2342 fabulis

381 2374 825 2447 inveniuntur
860 2376 1162 2460 nomina,
1200 2375 1525 2468 quoniam
1553 2375 1641 2445 ab
1669 2373 1968 2466 antiquis
1997 2374 2222 2466 poetis
2250 2380 2542 2465 accepta
2566 2381 2753 2456 sunt,

386 2476 876 2553 convenientia
912 2499 1070 2557 esse
1106 2480 1340 2553 versui
1375 2478 1669 2553 heroico.
1706 2486 2002 2572 oportet.
2076 2476 2180 2549 Ex
2215 2497 2354 2568 quo
2391 2474 2595 2547 facile
2633 2497 2759 2569 ap·-

382 2589 582 2674 paret
617 2580 819 2653 istam
857 2582 1213 2657 mulierem
1249 2605 1389 2657 non
1433 2579 1855 2679 Θηρονίκην,
1898 2580 2024 2653 sed
2069 2576 2464 2677 Θηροδίκην
2500 2577 2764 2651 dictam

386 2685 623 2758 fuisse.
703 2685 1026 2758 Similiter
1075 2684 1530 2780 depravatum
1582 2694 1690 2756 est
1735 2685 1908 2778 Epei
1961 2685 2233 2769 matriS,
2288 2680 2470 2753 filiae
2519 2683 2760 2777 Endy-

387 2787 641 2860 mionis
703 2809 956 2860 nomen
994 2787 1369 2886 Εὐρυκύὸη
1425 2788 1610 2883 apud
1669 2788 2077 2864 Pausaniam
2129 2788 2207 2857 V.
2249 2786 2298 2869 1,
2343 2784 2407 2858 4,
2454 2789 2519 2856 8.
2567 2786 2772 2879 quod.

388 2890 761 2984 Pinzgerus
812 2893 881 2968 in
932 2893 1044 2966 illa
1095 2893 1310 2966 cuius*
1341 2913 1547 2987 supra
1606 2892 2028 2964 mentionem
2083 2891 2216 2962 feci
2269 2889 2762 2962 dissertatione

388 2989 809 3091 Εὐρυπύλην
859 2995 1303 3072 scribendum
1351 2996 1618 3069 monuit
1666 3006 1952 3070 auctore
2003 2994 2376 3066 scholiasta
2432 2993 2524 3065 ad
2567 2993 2755 3065 Iliad.

389 3098 500 3166 XI.
552 3101 724 3169 688.
767 3099 878 3170 cui
917 3099 1179 3172 addere
1214 3109 1487 3191 poterat
1523 3099 1877 3172 Cononem
1914 3120 2092 3170 narr.
2141 3095 2261 3167 44.
2304 3106 2374 3167 et
2409 3097 2633 3190 Etym.
2667 3097 2758 3166 M.

391 3201 461 3268 in
484 3194 710 3279 Ἦλις.
784 3202 974 3295 Ergo
1006 3203 1451 3278 Dexamenus
1506 3202 1732 3278 dictus
1777 3202 2090 3286 videtur,
2140 3210 2217 3272 ut
2251 3199 2495 3271 Nereis
2529 3200 2765 3271 Dexa-

390 3325 596 3376 mene
644 3304 831 3378 Iliad.
865 3306 1093 3378 XVHl.
1131 3305 1246 3380 tt.
1291 3327 1333 3380 a
1369 3316 1610 3382 mutuo
1661 3327 1821 3378 cum
1866 3306 2014 3376 aliis
2066 3304 2516 3375 commercio:
2572 3303 2778 3395 quod·

393 3416 500 3478 est
543 3407 920 3494 eiusmodi,
972 3419 1048 3480 ut
1097 3430 1254 3484 cum
1302 3410 1418 3495 iis,
1470 3411 1590 3501 qui
1638 3431 1848 3501 opum
1899 3430 2177 3484 suarum
2224 3418 2505 3478 tenaces
2542 3407 2765 3480 ferino

391 3510 540 3582 iure
583 3521 907 3597 utuntur,
945 3512 1139 3586 rixae
1175 3523 1246 3588 et
1279 3534 1556 3607 pugnae
1593 3511 1684 3583 de
1721 3512 2166 3606 possessione
2202 3510 2552 3595 oriantur3
2607 3532 2766 3582 cum

394 3614 475 3685 iis
510 3625 768 3701 autem,
807 3637 1101 3708 quorum
1140 3640 1266 3709 per
1303 3616 1785 3690 liberalitatem
1822 3617 2052 3688 interit
2086 3615 2349 3699 feritas,
2387 3612 2660 3709 placida
2696 3623 2774 3686 et

394 3718 629 3796 suavis
690 3720 984 3792 exsistat
1044 3719 1837 3811 consuetud0.1taque
1900 3719 2178 3791 Cteatus
2242 3739 2334 3788 ex
2380 3716 2772 3788 Therodica

393 3820 1002 3938 Amphimachum,
1039 3824 1342 3940 Eurytus
1378 3845 1471 3896 ex
1508 3823 1966 3916 Therephona
2003 3822 2359 3914 Thalpium
2398 3820 2626 3892 dictus
2661 3829 2774 3892 est

393 3925 744 4016 genuisse.
