3328 5326
1122 1371 1832 1485 HYMNUS.

1326 1652 1633 1661 -———

565 1835 681 1919 DE
733 1836 1099 1920 HYMNIS
1151 1836 1563 1921 DIONYSH
1612 1836 1724 1919 ΕΤ
1774 1835 2389 1938 MESOMEDIS.*)

507 2047 661 2119 Non
707 2057 934 2141 potest
985 2048 1273 2120 dubium
1322 2071 1479 2120 esse
1523 2050 1692 2142 quin
1743 2051 1815 2119 in
1865 2049 2321 2121 emendandis
2363 2051 2448 2121 iis
2484 2071 2666 2142 quae
2683 2075 2736 2128 p·
2758 2067 2785 2112 8

291 2150 553 2221 vitiose
616 2152 871 2245 scripta
931 2153 1327 2246 accepimus
1379 2162 1539 2224 ante
1592 2153 1824 2223 omnia
1877 2151 2054 2223 fides
2105 2154 2490 2248 scripturae
2540 2175 2668 2224 ex-

291 2253 637 2348 ploranda
697 2255 805 2325 sit.
915 2255 991 2325 Id
1053 2256 1461 2348 plerumque
1515 2256 1717 2327 facile
1767 2265 1911 2342 est,
1973 2256 2089 2327 ubi
2141 2280 2354 2328 unum
2402 2265 2669 2354 tantum

289 2358 537 2451 scripti
600 2358 996 2451 exemplum
1057 2358 1452 2444 habemus;.
1496 2357 1845 2430 difficilius
1865 2412 1883 2444 ‚
1939 2359 2059 2430 ubi
2109 2361 2307 2453 plura
2361 2361 2541 2431 inter
2591 2380 2671 2430 se

290 2462 767 2554 discrepantia
803 2470 1116 2546 exstant;
1159 2460 1659 2548 difficillimum,
1700 2462 1816 2534 ubi
1853 2463 2158 2556 suspicio
2194 2473 2334 2548 est,
2374 2485 2514 2535 non
2553 2484 2672 2534 ac-

292 2564 575 2658 cepisse
610 2585 739 2635 nos
777 2585 1015 2635 veram
1052 2566 1290 2659 scripti
1326 2568 1648 2652 formam,
1687 2566 1815 2636 sed
1853 2587 2006 2636 eam
2045 2566 2508 2638 coniectando
2547 2566 2673 2638 de-

294 2691 493 2741 mum
528 2667 861 2761 indagare
900 2668 1181 2741 debere.
1269 2669 1525 2742 Videor
1560 2670 1728 2741 mihi
1767 2671 2108 2743 eiusmodi
2157 2672 2555 2765 exemplum
2603 2671 2674 2740 in

297 2771 575 2865 paginis
636 2772 768 2842 illis
831 2773 1217 2858 invenisse,
1284 2795 1377 2845 ex
1436 2774 1687 2867 quibus
1748 2773 2059 2866 Dionysii
2122 2784 2194 2845 et
2255 2774 2675 2846 Mesomedis

296 2875 602 2969 hymnos
667 2897 889 2969 nuper
950 2886 1110 2968 post
1168 2876 1458 2949 aliorum
1509 2899 1750 2948 curam
1802 2876 2022 2948 edidit
2070 2878 2450 2948 annmcus
2502 2879 2678 2948 Bn-

301 3001 706 3050 uuuuunus.
817 2979 1184 3050 Continent
1247 2980 1402 3050 illae
1452 2982 1750 3074 paginae
1800 2982 1931 3049 tria
1981 2983 2288 3051 carmina
2336 3002 2430 3050 ex
2477 2991 2674 3073 parte

298 3085 489 3154 notis
528 3082 810 3153 musicis
847 3082 1206 3167 instructa,
1245 3104 1541 3175 quorum
1570 3083 1952 3154 carminum
1989 3083 2178 3174 quod
2215 3083 2511 3176 primum
2549 3083 2676 3152 ha-

300 3185 530 3258 bitum
567 3194 695 3270 est,
733 3184 1139 3279 inscriptum
1177 3187 1275 3263 εἰς
1307 3186 1653 3273 Μοῦσαν,
1689 3206 1898 3256 nemo
1936 3207 2075 3257 non
2113 3185 2349 3257 videat
2384 3184 2676 3256 exordia

297 3310 461 3360 esse
490 3289 789 3361 duorum
818 3289 1252 3382 hymnorum.
1293 3289 1552 3360 Eorum
1571 3289 1866 3382 primum
1896 3287 2196 3360 iambico
2216 3310 2506 3361 numero
2535 3299 2668 3360 est:

507 3392 688 3462 ἄειδε
724 3390 1002 3463 Μοῦσά
1037 3419 1167 3483 μοι
1202 3390 1399 3489 φίλη,
1438 3392 1709 3488 μολπῆς
1746 3392 1805 3461 δ’
1840 3392 2013 3489 ἐμῆς
2047 3391 2428 3489 κατάρχου,

507 3493 690 3591 αὔρη
729 3493 802 3565 δὲ
840 3495 982 3565 σῶν
1019 3497 1129 3566 ἀπ’
1170 3496 1433 3568 ἀλσέων
1468 3494 1641 3585 ἐμὰς
1679 3497 1940 3589 φρένας
1976 3494 2291 3585 δονείτω,

298 3596 607 3670 Alterius
645 3598 1004 3669 heroicum
1039 3607 1333 3671 metrum
1371 3608 1479 3669 est
1514 3620 1675 3668 cum
1712 3599 2020 3671 clausula
2054 3599 2408 3671 trochaica

502 3698 936 3773 Καλλιόπεια
976 3700 1192 3794 σοφὰ,
1231 3701 1561 3773 Μουσῶν
1595 3703 2076 3797 προκαθαγέτι
2111 3704 2452 3797 τερπνῶν,

501 3804 619 3874 καὶ
659 3803 834 3896 σοφὲ
869 3802 1279 3894 μυστοδότα
1314 3804 1607 3882 Λατοῦς
1640 3802 1800 3895 γόνε
1842 3799 2057 3901 Δήλιε
2093 3804 2364 3894 Παιάν,

503 3907 811 3998 εὐμενεῖς
844 3905 1151 4001 πάρεστέ
1180 3933 1334 4000 μοι.

299 4010 496 4080 Haec
549 4010 692 4080 duo
736 4010 1027 4082 exordia
1077 4020 1427 4103 tamquam
1475 4032 1691 4083 unum
1741 4031 2025 4082 carmen
2076 4012 2147 4081 in
2199 4009 2558 4083 codicibus
2605 4011 2677 4083 in

299 4134 563 4184 novem
597 4114 983 4186 versiculos
1019 4114 1370 4208 descripta
1404 4123 1585 4185 sunt.
1675 4115 1998 4207 Sequitur
2031 4112 2343 4206 Dionysii
2379 4115 2675 4208 hymnus

299 4219 376 4287 in
417 4217 679 4301 Solem,
719 4217 916 4289 cuius
968 4217 1400 4311 prooemium
1439 4228 1716 4310 praeter
1749 4238 2031 4288 versum
2070 4218 2548 4290 catalecticum
2585 4240 2677 4289 ex

302 4320 701 4411 anapaestis
764 4321 1199 4414 spondiacis,
1262 4320 1559 4413 hymnus
1626 4322 1776 4415 ipse
1835 4342 1929 4391 ex
1980 4324 2375 4415 anapaestis
2437 4321 2676 4414 cycliis

294 4423 725 4516 compositus
763 4434 889 4495 est.

468 4639 520 4723 *)
558 4642 739 4707 Edita
772 4652 951 4706 esta.
995 4644 1180 4705 ⁴842.
