3328 5326
690 343 815 403 336
1617 337 2125 401 TnssocmTUS.
2204 291 2209 295 ⁴

689 532 915 627 aptior
953 531 1258 603 evadere
1295 530 1628 603 videatur.
1701 530 1954 604 Eiectis
1992 530 2177 600 enim
2214 551 2374 601 cum
2410 529 2705 622 Hauptio
2744 528 3040 601 versibus

689 635 1217 707 intercalaribus
1283 635 1398 705 79.
1452 637 1619 706 408.
1688 635 2052 728 positoque
2123 636 2240 704 89.
2296 643 2454 726 post
2509 635 2628 703 9⁴.
2688 631 3046 702 delendum

690 751 859 834 puto
896 761 1031 832 ego
1067 739 1274 810 etiam
1313 760 1598 808 versum
1645 740 1766 809 73.
1808 738 1960 808 illos
1999 747 2268 822 autem,
2311 735 2425 807 64.
2475 738 2593 806 65.
2639 736 2916 806 inverso
2950 757 3052 806 or-

691 845 854 916 dine
891 843 1281 938 ponendOS,
1324 853 1397 912 ut
1432 842 1737 935 ThyrsiS,
1776 851 1936 912 ante
1974 863 2183 935 quam
2221 860 2499 910 carmen
2528 861 2728 911 suum
2759 849 3052 923 caneret,

690 948 825 1019 hoc
864 947 1070 1019 fuerit
1109 948 1489 1040 praefatus:

857 1077 862 1082 ·
907 1047 1176 1146 Θύρσις
1212 1049 1317 1121 ὅδ’
1360 1049 1451 1131 ώξ
1486 1050 1769 1124 Δι”τνας
1805 1047 1919 1117 καὶ
1966 1043 2317 1142 Θύρσιὸος
2352 1046 2465 1118 ἅδ’
2508 1047 2553 1116 ἁ
2594 1043 2825 1140 (promi.

690 1155 792 1226 Ita
844 1176 936 1224 ex
985 1154 1204 1227 tribus
1249 1153 1558 1246 partibus
1611 1152 2073 1243 compositum
2125 1171 2442 1241 carmen,
2500 1150 2815 1241 exceptis
2854 1151 3056 1220 inter-

693 1258 1063 1343 calaribuS,
1101 1257 1231 1327 hos
1267 1277 1595 1327 versuum
1635 1256 1707 1324 in
1744 1254 2041 1348 strophis
2071 1274 2397 1325 numeros
2428 1253 2742 1324 habebit:
2790 1251 2857 1322 4.
2897 1253 2957 1323 4.
2996 1252 3052 1322 4.

696 1365 764 1434 6.
799 1364 864 1432 6.
900 1362 969 1434 2.
1019 1354 1031 1460 Ι
1083 1360 1148 1431 4.
1187 1359 1252 1432 4.
1291 1359 1353 1430 4.
1402 1358 1467 1429 4.
1520 1360 1530 1451 l
1583 1356 1648 1427 4.
1689 1357 1753 1428 4.
1790 1362 1856 1430 5.
1893 1362 1961 1432 5.
1998 1357 2062 1427 4.
2149 1357 2435 1439 Poterit,
2489 1357 2542 1426 si
2597 1356 2709 1427 cui
2756 1356 2932 1427 haec
2977 1356 3057 1427 ad

693 1467 1095 1557 exemplum
1140 1464 1575 1534 scenicorum
1626 1472 1984 1556 poetarum
2035 1460 2383 1553 exigenda
2428 1459 2875 1544 videbuntur,
2934 1460 3058 1554 pri-

693 1591 875 1641 mam
911 1568 1154 1639 harum
1195 1576 1266 1637 et
1301 1577 1724 1659 postremam
1754 1565 2109 1658 stropham
2136 1564 2476 1658 proodum
2513 1575 2583 1634 et
2619 1562 2929 1657 epodum
2965 1574 3058 1634 to-

694 1676 829 1745 tius
866 1672 1214 1756 carminis,
1255 1692 1411 1741 eam
1449 1680 1683 1740 autem
1719 1691 1900 1762 quae
1939 1668 2238 1739 disticho
2266 1679 2562 1751 constat,
2595 1666 2904 1760 epodum
2935 1668 3059 1760 pri-

692 1798 852 1848 mae
901 1776 1116 1869 partis
1168 1774 1611 1845 constituere.
1707 1772 1921 1843 Simili
1973 1772 2242 1842 ratione
2287 1771 2570 1842 condita
2619 1781 2782 1841 sunt
2832 1772 3057 1842 Bionis

695 1899 977 1951 carmen
1016 1878 1107 1949 de
1145 1888 1418 1948 mortuo
1452 1875 1779 1948 Adonide
1815 1887 1888 1947 et
1924 1875 2196 1947 Moschi
2243 1876 2310 1945 in
2356 1876 2620 1947 obitum
2659 1875 2932 1961 Bionis,
2981 1874 3060 1945 de

695 1981 949 2077 quibus
985 1981 1055 2051 in
1093 1980 1398 2052 editione
1437 1980 1684 2051 horum
1721 1990 2084 2073 poetarum
2119 1979 2368 2054 dicam.

901 2083 1261 2156 Difficilius
1306 2095 1415 2155 est
1464 2083 1554 2154 de
1600 2084 1732 2153 illis
1779 2083 2201 2153 carminibus
2247 2083 2505 2175 aliquid
2551 2082 2725 2152 certi
2760 2103 3060 2177 pronun-

695 2188 1201 2282 tiarequorum
1237 2187 1604 2281 strophae,
1659 2188 1717 2258 si
1765 2209 1946 2279 quae
1994 2196 2184 2271 sunt,
2238 2207 2377 2256 non
2415 2196 2575 2258 sunt
2610 2207 2823 2258 versu
2859 2186 3060 2258 inter-

695 2294 905 2363 calari
943 2294 1330 2364 distinctae.
1390 2292 1565 2362 Nam
1593 2291 1724 2364 etsi
1761 2291 1852 2362 de
1889 2290 2303 2383 quibusdam
2341 2312 2584 2361 eorum
2618 2291 2806 2361 nulla
2844 2297 3063 2384 potest

696 2396 1034 2469 dubitatio
1087 2419 1276 2484 esse,
1327 2396 1552 2488 qualia
1601 2405 1764 2467 sunt
1797 2416 1978 2488 quae
2024 2416 2235 2488 supra
2280 2393 2425 2464 dixi
2475 2394 2544 2464 in
2592 2404 2845 2466 octavo
2890 2394 3059 2464 etin

696 2500 970 2571 decimo
1023 2500 1258 2593 idyllio
1308 2500 1613 2569 carmina
1652 2521 1745 2570 ex
1790 2497 2103 2569 distichis
2156 2518 2313 2567 esse
2367 2499 2784 2591 composita,
2841 2508 3062 2568 tamen

536 2625 838 2697 p.⁴onon
892 2604 1117 2675 minus
1164 2612 1354 2674 certa
1406 2603 1682 2675 videtur
1716 2602 1889 2672 rat-io
1942 2621 2100 2673 esse
2150 2601 2299 2674 eius
2348 2602 2704 2687 carminis,
2762 2600 2951 2695 quod
3001 2601 3062 2670 in

609 2708 974 2780 mtertio
1025 2707 1263 2801 idyllio
1311 2707 1666 2801 caprarius
1719 2706 1927 2775 canit.
2022 2702 2096 2776 Id
2162 2705 2719 2798 quattuordecim
2771 2704 3061 2798 strophis

698 2821 1021 2882 constare
1043 2865 1061 2896 ,
1115 2832 1412 2903 quarum
1467 2821 1607 2880 tres
1645 2810 1923 2904 ‘primae
1963 2808 2143 2880 duos
2181 2831 2459 2893 versus,
2515 2820 2793 2879 ceterae
2832 2828 3063 2880 omues

698 2925 928 2986 autem
986 2926 1125 2985 tres
1176 2912 1549 2998 haberent,
1618 2913 1913 2984 indicavi
1965 2913 2034 2982 in
2087 2934 2385 2985 censura
2438 2912 2761 2983 editionis
2811 2912 3063 2983 Meine-

695 3020 966 3090 kianae.
1050 3019 1346 3089 Perfecit
1382 3039 1530 3088 rem
1569 3018 1926 3111 HauptiuS,
1967 3039 2179 3110 quum
2218 3038 2282 3110 p.
2318 3016 2490 3089 273.
2523 3037 2808 3087 versum
2846 3017 2965 3089 20.
2996 3023 3063 3086 ut

696 3146 789 3194 ex
824 3123 1088 3193 XXVII.
1129 3121 1193 3193 4.
1234 3122 1661 3215 adscriptum
1700 3120 2077 3192 delendum
2113 3141 2272 3191 esse
2308 3120 2567 3191 docuit.

902 3227 978 3295 In
1046 3226 1197 3296 aliis
1251 3226 1309 3296 si
1346 3225 1674 3317 strophae
1741 3225 2012 3296 diversa
2077 3223 2507 3316 longitudine
2573 3233 2769 3295 certo
2830 3222 3061 3294 ordine

695 3328 1075 3421 dispositae
1127 3329 1606 3414 inveniuntur,
1651 3328 1776 3399 vix
1826 3327 2105 3398 videtur
2169 3327 2468 3399 dubitari
2524 3348 2733 3420 posse
2786 3327 2951 3418 quin
2997 3324 3061 3395 id

694 3453 837 3502 non
874 3451 1061 3515 casu,
1103 3430 1230 3501 sed
1267 3431 1560 3503 consilio
1589 3432 1851 3502 factum
1877 3429 1985 3500 sit.
2043 3430 2401 3504 Eiusmodi
2430 3430 2597 3502 illud
2627 3452 2915 3501 carmen
2938 3437 3058 3511 est,

582 3563 677 3614 xv
696 3556 834 3627 quo
872 3535 944 3603 in
979 3532 1117 3604 fine
1155 3534 1780 3626 quintidecimi
1830 3534 2044 3627 idyllii
2078 3535 2346 3628 poetria
2382 3534 2696 3626 reginam
2730 3533 3060 3604 Arsinoen

694 3660 953 3731 magno
987 3647 1326 3731 apparatu
1361 3636 1633 3709 Adonia
1673 3638 2141 3709 celebrantem
2181 3638 2435 3710 laudat.
2522 3637 2630 3723 ld,
2679 3636 2813 3707 nisi
2859 3636 3060 3708 vehe-

695 3751 966 3813 menter
1018 3742 1251 3826 fallor,
1306 3742 1821 3812 accuratissime
1878 3763 1971 3813 ex
2019 3742 2237 3813 tribus
2284 3741 2726 3836 stropharum
2762 3741 3059 3834 partibus

696 3846 1157 3940 compositum
1195 3854 1304 3917 est
1338 3845 1446 3916 his
1484 3846 1791 3918 numeris
1827 3866 2172 3931 versuum,
2217 3849 2283 3918 6.
2331 3848 2398 3917 6.
2448 3844 2512 3915 4.
2552 3844 2617 3919 4.
2655 3849 2722 3917 6.
2761 3847 2827 3916 6.
2860 3846 2918 3917 si
2951 3863 3061 3913 ac-

696 3949 884 4020 cedit
917 3971 1156 4023 versus
1194 3971 1402 4042 quem
1440 3948 1824 4039 desiderari
1860 3949 2036 4020 haec
2073 3972 2139 4020 v.
2179 3951 2345 4022 ⁴42.
2380 3950 2719 4043 scriptura
2755 3948 3009 4043 prodit:

900 4052 1045 4149 πὰρ
1081 4055 1215 4144 μέν
1252 4059 1321 4123 οἱ
1359 4053 1538 4147 ὥρια
1572 4058 1795 4123 κεῖται
1833 4052 1966 4123 ὅσα
2002 4051 2210 4149 δρυὸς
2248 4054 2431 4149 ἄκρα
2465 4054 2785 4149 φέροντι.

695 4156 896 4226 Metri
931 4156 1164 4227 vitium
1203 4179 1345 4227 non
1383 4156 1580 4228 latuit
1630 4155 1944 4240 criticOS,
1992 4157 2190 4227 latuit
2224 4179 2395 4228 vero
2431 4157 2832 4230 emendanti
2873 4155 3051 4227 ratio.

694 4259 871 4330 Nam
908 4282 1122 4351 quum
1157 4258 1300 4355 πὰρ
1337 4260 1468 4352 μὲν
1507 4268 1627 4331 aut
1660 4258 1804 4355 πὰρ
1841 4260 1974 4351 μέν
2003 4264 2073 4330 οἱ
2100 4259 2249 4329 sine
2278 4260 2491 4332 dubio
2518 4271 2716 4332 recte
2745 4261 3055 4353 scriptum

695 4364 803 4450 sit,
844 4384 983 4433 non
1022 4363 1110 4433 sit
1147 4373 1376 4437 autem
1414 4363 1796 4456 quidquam
1832 4362 1978 4435 vitii
2015 4364 2083 4432 in
2117 4364 2452 4455 proximis
2487 4364 2766 4449 verbiS,
2817 4362 3052 4458 quique

693 4468 1004 4562 sequitur
1058 4488 1306 4538 versus
1357 4467 1491 4538 hoc
1549 4467 1806 4539 haheat
1854 4466 2156 4550 initium,
2218 4465 2360 4562 πὰρ
2413 4468 2478 4536 δ’
2534 4467 2793 4539 ἁπαλοὶ
2825 4465 3044 4550 κᾶποι,
