3328 5326
693 351 809 413 490
1636 345 2106 411 SOPHOGLES'.

993 542 1036 639 ἢ
1072 541 1249 637 πρὸς
1282 541 1376 611 τὰ
1410 538 1919 617 Χαλκώδοντος
1946 538 2275 629 Εὐβοίας
2315 536 2635 628 σταθμά.

994 647 1329 716 καπεῖθεν
1350 643 1436 713 οὔ
1470 669 1598 734 μοι
1631 642 1899 737 μακρὸς
1935 667 2033 719 εις
2076 637 2299 735 Οἴτην
2339 638 2593 717 στόλος
2794 659 2847 692 Α»

1005 746 1392 841 Τραχινιάν
1426 773 1501 816 τε
1535 743 1790 840 δεράδα
1817 746 1932 815 καὶ
1969 744 2097 814 τὸν
2132 743 2385 837 εὔρουν
2482 789 2490 801 -
2792 759 2797 768 ’

999 849 1385 943 Σπερχειὸν
1424 848 1645 919 ἕ.σται
2385 871 2391 882 ·

686 987 834 1059 Non
875 996 982 1058 est
1017 987 1162 1057 veri
1178 981 1419 1057 simile
1457 995 1531 1057 ut
1569 983 1637 1054 in
1678 983 1969 1078 Scyrum
2018 983 2279 1084 potiuS,
2325 979 2532 1076 quam
2587 985 2890 1054 suain'in
2925 1007 3041 1078 pa-

689 1092 886 1196 triam
934 1089 1271 1184 asportari
1319 1090 1550 1183 cupiat
1588 1088 2022 1192 Philoctetes.
2136 1088 2367 1171 Quare
2407 1087 2824 1180 Sophoclem
2886 1089 3043 1159 scri-

689 1187 910 1298 psisse
949 1193 1163 1264 credo
1200 1191 1373 1287 πρὸς
1411 1188 1603 1263 οἶκον
1641 1183 1766 1261 τὸν
1795 1189 1994 1282 ἐμόν.
2082 1191 2157 1260 In
2195 1190 2439 1262 iisdem
2495 1192 2810 1262 Versibus
2862 1191 3041 1288 quod

686 1320 776 1368 ex
811 1295 1064 1390 Toupii
1103 1297 1503 1367 coniectura
1539 1295 1773 1387 recepi
1812 1292 2092 1389 ὃεράδα,
2126 1313 2260 1364 nec
2289 1303 2551 1366 temere
2581 1291 3041 1368 damnandum

686 1401 998 1485 arbitror,
1039 1422 1168 1471 nec
1208 1407 1439 1469 tamen
1475 1420 1612 1490 quo
1651 1399 1978 1489 exemplo
2024 1389 2400 1468 defendam
2443 1397 2690 1483 habe0,
2731 1401 2942 1492 quum
2978 1408 3043 1467 et

686 1504 796 1574 hic
848 1515 916 1574 et
967 1504 1387 1595 ubicumque
1439 1499 1602 1572 illud
1653 1499 2087 1580 vocabulum
2145 1500 2490 1572 invenitui
2555 1501 2714 1571 libri
2764 1498 3040 1596 δειράδα

563 1608 1084 1701 p.spraebeant.
1171 1605 1396 1698 Quod!
1435 1606 1491 1674 si
1539 1626 1679 1675 non
1736 1604 2098 1675 ferendum
2152 1604 2473 1677 videatur
2517 1603 2798 1700 ὃεράδα,
2857 1612 3037 1674 certe

685 1710 873 1803 quod
911 1709 1303 1781 Wunderus
1352 1729 1613 1802 ponere
1661 1729 1871 1778 ausus
1909 1717 2016 1779 est
2064 1703 2457 1802 Τραχίνιόν’
2482 1715 2554 1778 ’τε
2593 1709 2867 1802 πρῶνα,
2908 1728 3039 1777 non

683 1825 846 1905 puto
899 1814 1221 1906 cuiquam
1271 1811 1634 1905 probatum
1686 1812 1802 1895 iri,
1857 1811 1984 1908 sed
2038 1812 2293 1881 rectius
2362 1812 2667 1882 fortasse
2707 1809 3041 1881 scribetur

695 1915 1077 2010 Τραχινιάν
1114 1943 1188 1987 τε
1224 1911 1483 2008 δειράδ’
1525 1914 1636 1984 ἐπὶ
1673 1914 1799 1984 τὸν
1835 1914 2085 2010 εὔρουν
2126 1912 2543 2014 Σπερχειρν.

887 2054 1107 2125 Homo
1158 2075 1363 2146 quem
1416 2052 1723 2122 naucleri
1786 2051 2024 2123 habitu
2078 2051 2312 2122 Ulixes
2375 2051 2465 2122 ad
2521 2051 3043 2144 Neoptolemum

678 2157 884 2241 misit,
923 2180 987 2226 v.
1025 2155 1195 2228 542.
1229 2157 1328 2226 sic
1368 2157 1551 2226 illum
1592 2155 1996 2247 alloquitur:

981 2293 1339 2381 Ἀχιλλέως
1374 2298 1530 2377 παῖ,
1573 2289 1777 2361 τόνδε
1813 2290 1938 2360 τὸν
1977 2295 2412 2384 ξυνέμπορον

988 2396 1063 2471 ὃς
1098 2390 1185 2489 ἦν
1222 2394 1390 2471 νεώς
1428 2393 1550 2488 σῆς
1590 2393 1721 2463 σὺν
1757 2396 1956 2462 δυοῖν
1993 2393 2226 2465 ἄλλοιν
2264 2391 2486 2484 φύλαξ

983 2497 1259 2567 ἐκέλευό
1302 2495 1465 2586 ἐμοί
1501 2522 1574 2565 σε
1609 2521 1748 2565 που
1787 2496 2015 2589 κυρῶν
2050 2501 2195 2591 εὶης
2216 2494 2523 2590 φράσαι.

679 2634 828 2706 Non
867 2646 1266 2728 putaveram
1306 2653 1746 2725 quemquam,
1778 2634 2064 2725 quinon
2094 2634 2397 2725 argutias
2426 2645 2816 2727 quaereret,
2846 2636 3037 2708 τόνὸιι.

676 2738 803 2808 τὸν
840 2742 1276 2828 ξυνέμπορον
1312 2737 1509 2805 aliter
1541 2737 2050 2807 intellecturum
2088 2759 2268 2820 esse,
2309 2761 2515 2831 quam
2554 2750 2628 2810 ut
2656 2752 2845 2810 esset
2873 2739 3039 2811 hunc

679 2841 791 2936 qui
826 2863 1078 2912 mecum
1116 2837 1243 2910 huc
1279 2839 1473 2909 venit.
1531 2840 1620 2909 Et
1656 2850 1890 2910 tamen
1931 2841 2384 2913 Buttmannus
2427 2842 2847 2935 quibusdum
2884 2866 3036 2937 per-

677 2944 922 3029 suasit,
973 2956 1048 3016 ut
1094 2942 1524 3036 Neoptolemi
1574 2944 1840 3014 socium
1891 2946 2210 3013 navalem
2262 2943 2400 3015 dici
2447 2945 2836 3017 crederent.
2916 2948 3037 3016 Est

675 3049 789 3119 ille
839 3049 1117 3141 quidem
1172 3069 1346 3119 unus
1397 3068 1490 3115 ex
1541 3044 1704 3130 illis,
1776 3047 1902 3117 sed
1956 3047 2066 3117 hic
2121 3068 2356 3118 comes
2413 3059 2698 3120 vocatur
2748 3050 3035 3121 simulati

674 3152 1002 3223 naucleri.

878 3288 1110 3358 Paullo
1146 3296 1303 3380 post
1340 3289 1708 3359 nauclerus
1747 3288 1874 3357 iste
1913 3285 2080 3355 dicit
2118 3309 2181 3356 v.
2219 3287 2388 3357 549.

1390 3407 1481 3484 ὡς
1514 3406 1783 3502 ἤκουσα
1820 3405 1988 3482 τοὺς
2024 3404 2288 3484 ναύτας
2325 3407 2436 3478 ὅτι

981 3508 1092 3579 σοὶ
1129 3507 1384 3584 πάντες
1421 3504 1555 3578 εἷεν
1592 3515 1660 3577 οἱ
1699 3507 2343 3604 νεναυστοληκότες.

669 3631 769 3700 Ita
820 3629 1000 3698 libri:
1073 3650 1252 3720 quae
1300 3628 1636 3720 scriptura
1690 3638 1953 3698 tantum
2000 3629 2199 3700 abest
2236 3639 2310 3700 ut
2345 3630 2585 3701 vitiosa
2622 3633 2743 3717 sit,
2785 3644 2860 3704 ut
2894 3635 3026 3704 Do-

668 3733 956 3815 braeuS,
996 3732 1311 3824 quamvis
1359 3731 1541 3802 acuti
1595 3731 1702 3801 vir
1739 3730 2006 3816 iudicii,
2059 3734 2586 3825 perversissime
2622 3736 3027 3809 iudicaverit

575 3864 579 3870 ’
669 3836 1107 3907 scribendum
1176 3856 1335 3907 esse
1401 3835 1513 3905 ὅτι
1578 3834 1692 3904 σοὶ
1742 3833 1997 3912 πάντες
2063 3832 2199 3906 εἶεν
2254 3835 3022 3935 συννεναυστοληκότες.

668 3938 954 4009 Prorsus
990 3939 1175 4009 enim
1210 3938 1375 4008 nihil
1415 3937 1506 4008 ad
1542 3958 1690 4007 rem
1728 3937 2069 4009 attinebat
2101 3960 2345 4011 omnes
2381 3961 2541 4011 oum
2578 3942 3025 4036 Neoptolemo

667 4040 1030 4132 navigasse
1067 4043 1218 4113 sive
1256 4039 1724 4134 Myrmidones
1750 4041 1901 4112 sive
1928 4042 2230 4135 ScyrioS,
2263 4043 2391 4114 sed
2428 4043 2564 4116 hoc
2600 4055 2757 4115 erat
2790 4046 3023 4118 dicen-

667 4142 855 4228 dum,
896 4143 1327 4238 Neoptolemi
1363 4144 1614 4214 milites
1648 4165 1806 4215 esse
1845 4147 2230 4239 omnesqui
2260 4168 2420 4217 cum
2447 4167 2536 4218 eo
2561 4149 3022 4241 navigassent,

665 4267 899 4338 neque
937 4247 1114 4318 inter
1150 4270 1272 4319 eos
1309 4269 1466 4319 esse
1504 4248 1679 4318 ullos
1717 4268 1810 4318 ex
1838 4259 2226 4321 ceterorum
2263 4249 2520 4322 ducum
2556 4254 3017 4344 popularibus

625 4342 642 4361 ²
666 4349 836 4420 Nam
889 4351 987 4420 sic
1037 4350 1318 4421 demum
1369 4351 1737 4423 nauclerus
1787 4362 1934 4423 tuto
1991 4356 2248 4424 referre
2295 4364 2596 4446 poterat,
2650 4376 2832 4447 quae
2883 4369 3023 4427 erat

663 4464 1082 4525 narraturus
1174 4453 1388 4526 Aliter
1450 4455 1834 4526 verendum
1899 4467 2079 4541 erat,
2130 4478 2219 4528 ne
2269 4457 2558 4550 proditis
2605 4458 3019 4532 Achivorum

665 4558 966 4629 consiliis
1004 4578 1265 4649 poenas
1303 4558 1517 4628 daret.
