3328 5326
1250 390 1679 452 EURIPIDES.
2530 393 2657 455 227

484 580 562 649 V.
600 584 769 652 395.
803 602 1034 651 veram
1071 581 1479 674 scripturam
1520 581 1784 650 invenit
1821 580 2047 652 editor
2086 583 2471 669 BritannuS,

486 701 612 777 οὓς
645 700 873 792 λαβὼν
913 698 1256 796 στράτεϋ·
1301 707 1578 792 ἑτοῖμοι
1615 703 1676 771 δ’
1717 702 1853 772 εἰσὶ
1878 702 2113 798 μωρίᾳ
2143 707 2441 798 φρενῶν.

275 820 451 888 Tum
490 843 555 891 v.
594 823 762 891 398.
796 820 1121 914 languide
1162 821 1376 890 nectit
1412 821 1793 891 sententias
1831 821 1972 891 καί.
2060 823 2492 915 Interrogare
2529 824 2657 895 de-

277 924 494 992 bebat
529 924 982 1017 Agamemno,
1024 934 1094 993 et
1122 925 1587 1016 interrogasse
1625 934 1918 994 testatur
1946 925 2231 1010 Ennius,
2273 927 2467 997 cuius
2495 949 2656 997 ver-

271 1048 394 1096 sus
433 1027 504 1095 in
544 1026 1104 1098 adnotationibus
1156 1028 1328 1098 meis
1367 1027 1456 1099 ad
1493 1051 1557 1097 v.
1596 1030 1765 1098 383.
1800 1029 2014 1098 attuli.
2102 1031 2331 1113 Quare
2378 1032 2522 1108 πῶς
2569 1030 2653 1101 τὸ

282 1129 404 1199 σὸν
441 1130 575 1221 μὲν
613 1126 688 1201 εὖ
725 1130 919 1225 παρὰ
955 1128 1146 1226 δίκης
1183 1131 1378 1201 ἔσται
1415 1131 1882 1201 scribendum.

485 1250 565 1319 V.
604 1248 770 1320 416.
805 1271 946 1320 non
983 1251 1373 1342 cogitarunt
1415 1253 1532 1343 qui
1560 1261 1775 1322 totam
1801 1253 2020 1322 nuntii
2049 1253 2435 1323 orationem
2464 1253 2657 1323 abie-

269 1363 549 1437 cerunt,
593 1375 732 1424 non
768 1355 991 1424 solum
1027 1354 1446 1447 Iphigeniae,
1486 1355 1613 1426 sed
1653 1356 1860 1424 etiam
1899 1355 2486 1447 Clytaemnestrae
2527 1356 2654 1428 ad-

277 1466 566 1528 ventum
617 1457 1020 1549 Orestisque
1068 1458 1365 1528 nuntiari
1416 1457 1718 1542 debere,
1769 1459 2296 1551 nuntiatumque
2351 1481 2508 1529 esse
2564 1461 2651 1529 ab

275 1560 426 1652 ipso
467 1559 844 1653 significari
871 1560 1393 1652 Agamemnone
1432 1585 1497 1632 v.
1536 1560 1681 1632 456
1720 1584 1912 1653 seqq.
1973 1561 2257 1633 Videtur
2285 1562 2653 1655 Euripides

275 1664 631 1749 nuntium,
687 1664 805 1756 qui
841 1664 931 1734 de
971 1665 1300 1735 famulitio
1340 1664 1929 1757 Clytaemnestrae
1983 1675 2120 1750 est,
2175 1665 2265 1735 de
2319 1664 2653 1736 industria

278 1767 611 1839 stolidum
649 1778 718 1837 et
747 1769 1168 1859 loquacitate
1195 1769 1663 1861 importunum
1694 1767 2002 1853 finxisse,
2043 1778 2141 1853 ut,
2180 1791 2318 1860 quo
2356 1770 2651 1840 alacrius

273 1871 429 1941 eius
466 1870 797 1965 gaudium
854 1882 1077 1955 esset,
1117 1892 1203 1941 eo
1256 1872 1514 1941 maiore
1551 1872 1978 1963 Agamemno
2016 1893 2333 1942 maerore
2369 1874 2653 1965 perfun-

270 1974 584 2045 deretur.
667 1975 771 2045 ΕΟ
823 1975 1110 2045 multum
1160 1977 1524 2046 conferunt
1568 1976 1715 2059 illa,
1758 1976 2123 2069 Ἀρτέμιδι
2172 1975 2652 2069 προτελίζουσι

266 2077 406 2172 τὴν
445 2075 756 2164 νεάνιδα,
800 2099 981 2169 quae
1035 2078 1184 2148 sine
1224 2079 1617 2171 suspicione
1657 2079 2069 2148 atrocissimi
2106 2078 2430 2148 facinoris
2467 2078 2653 2148 dicta

274 2190 716 2273 quantopere
744 2182 1101 2252 conscium
1133 2181 1264 2251 sibi
1293 2182 1481 2274 impii
1511 2182 1780 2251 consilii
1811 2203 2255 2252 commovere
2282 2181 2653 2252 debuerint

265 2296 594 2376 apertum
645 2294 768 2353 est.
856 2285 1093 2376 ltaque
1145 2285 1306 2353 fecit
1357 2285 1564 2355 etiam
1614 2285 1966 2355 hominem
2002 2285 2209 2355 istum
2247 2285 2653 2355 inverecun-

272 2387 437 2458 dius
489 2387 1020 2480 irrumpentem,
1090 2388 1785 2482 interpellantemque
1841 2388 2317 2479 colloquentes
2380 2389 2646 2457 fratres,

271 2491 422 2562 Nec
455 2490 696 2561 debuit
722 2492 976 2584 expelli
1005 2512 1248 2562 versus
1281 2490 1449 2561 468.
1482 2514 1645 2561 nam
1683 2515 1896 2583 quum
1932 2491 2164 2584 plures
2200 2501 2437 2561 essent
2474 2489 2652 2561 filiae

265 2594 851 2689 Agamemnonis,
906 2595 1245 2666 nominari
1316 2596 1500 2666 illam
1547 2617 1728 2687 quae
1793 2595 2196 2667 advenisset
2260 2594 2647 2688 oportebat.

272 2699 375 2770 De
417 2699 665 2768 Oreste
704 2708 932 2769 autem
971 2699 1159 2792 quod
1200 2721 1240 2769 a
1276 2722 1387 2769 me
1424 2702 1815 2771 restitutum
1851 2709 1995 2786 est,
2038 2699 2128 2776 ὥς
2164 2727 2236 2769 τι
2270 2697 2655 2794 τερφθείης

265 2800 478 2892 ἰδών,
523 2803 580 2872 si
616 2802 734 2894 qui
772 2801 1019 2894 frigide
1049 2803 1311 2873 dictum
1348 2803 1762 2887 iudicarunt,
1803 2825 1934 2873 nec
1965 2803 2377 2873 sententiam
2405 2801 2654 2872 viden-

274 2916 388 2976 tur
441 2906 815 2976 verborum
869 2906 1303 2999 percepisse,
1356 2928 1490 2977 nec
1543 2906 1801 2976 vidisse
1854 2906 2020 2982 ὥςτε
2065 2906 2421 2975 soloecum
2458 2926 2648 2974 esse:

274 3009 449 3079 illud
500 3019 764 3093 autem,
806 3009 896 3086 (ὃς
950 3008 1033 3078 σύ
1080 3008 1461 3104 τερφθείης
1515 3007 1709 3096 ἰδών,
1769 3007 1959 3099 quod
2010 3007 2235 3078 editor
2287 3008 2652 3078 Britannus

269 3113 533 3206 posuit,
572 3113 874 3205 ineptam
916 3111 1428 3183 distinctionem
1466 3111 1691 3180 infert.
1740 3112 1993 3186 ‚Iustae
2030 3132 2199 3180 vero
2237 3110 2653 3181 dubitationi

273 3216 510 3286 locum
543 3216 800 3287 faciunt
826 3236 1062 3286 versus
1096 3213 1240 3285 437
1272 3235 1465 3306 seqq.
1525 3214 1700 3283 Nam
1735 3214 1937 3283 nimis
1975 3216 2286 3306 profecto
2324 3212 2652 3284 stolidum
2670 3234 2803 3295 μη

276 3329 489 3413 atque
542 3318 1015 3412 impudentem
1070 3340 1146 3389 se
1198 3319 1490 3411 praebet
1539 3339 1783 3388 servus
1820 3316 1966 3402 ille,
2005 3318 2093 3401 si,
2134 3317 2459 3409 quoniam
2498 3316 2652 3408 qui-

277 3423 442 3492 dam
494 3423 587 3494 ad
638 3422 1042 3494 nubendum
1096 3423 1496 3493 arcessitam
1555 3443 1714 3491 esse
1764 3420 2189 3514 Iphigeniam
2255 3420 2646 3504 coniiciant,

275 3527 480 3616 quasi
534 3527 602 3596 in
649 3547 726 3596 re
778 3535 968 3597 certa
1022 3526 1381 3597 sollemnia
1422 3525 1756 3618 nuptialia
1791 3525 2148 3596 instituere
2184 3525 2651 3616 Agamemno-

274 3651 443 3699 nem
480 3640 549 3699 et
576 3630 964 3701 Menelaum
996 3630 1206 3701 iubet.
1266 3629 1454 3700 Haec
1483 3628 1688 3721 igitur
1716 3629 1805 3698 ab
1833 3627 2341 3721 interpolatoris
2373 3626 2650 3718 ingenio

266 3735 593 3825 profecta
629 3732 936 3818 credam,
977 3754 1393 3826 servumque
1432 3733 1597 3802 satis
1634 3732 1961 3803 habuisse
1999 3733 2126 3802 has
2162 3730 2653 3801 nonnullorum

278 3857 500 3907 voces
536 3837 804 3908 auditas
843 3837 1115 3907 dicere:

586 3967 950 4060 Ἀρτέμιδι
985 3963 1468 4059 προτελίζουσι
1503 3963 1633 4060 τὴν
1670 3960 1979 4052 νεάνιδα,
2010 4050 2021 4066 .

590 4067 904 4145 Αὐλίδος
941 4066 1240 4161 ἀνάσσῃ.
1283 4065 1389 4143 τίς
1424 4092 1537 4136 νιν
1575 4065 1818 4150 ἄξεταί
1849 4093 2066 4160 ποτε,·

595 4172 1087 4264 στεφανοῦσθε
1124 4165 1409 4263 φύλλοις
1445 4172 1697 4264 κρᾶτα,
1738 4170 1856 4240 καὶ
1889 4169 2068 4253 κατὰ
2105 4170 2346 4258 στέγας

590 4275 807 4351 λωτὸς
839 4271 1137 4365 βοάσθω
1174 4272 1289 4342 καὶ
1324 4274 1560 4343 ποδῶν
1598 4267 1774 4342 ἔστω
1810 4271 2096 4350 κτύπος·

596 4378 741 4468 φῶς
776 4375 907 4469 γὰρ
944 4373 1095 4446 τόδ’
1136 4376 1285 4472 ἥκει
1320 4373 1672 4469 μακάριον
1707 4377 1798 4469 τῇ
1837 4375 2198 4468 παρθένῲ.

497 4502 567 4572 V.
604 4503 770 4574 444.
804 4513 995 4574 recte
1041 4503 1121 4574 G.
1160 4505 1424 4596 Burges
1474 4504 1836 4597 ἄρξωμαι,
1881 4512 1952 4573 et
1988 4527 2051 4573 v.
2088 4503 2259 4587 453.
2292 4503 2652 4574 Dobraeus

277 4607 375 4676 οὐ
418 4608 640 4677 σθένω
676 4630 802 4700 pro
840 4607 1201 4699 αἰδοῦμαι.
1280 4607 1534 4678 Versus
1576 4607 2002 4679 502-505,
2038 4616 2270 4679 autem
2305 4627 2446 4677 non
2481 4602 2654 4673 abii-

2167 4727 2250 4787 ΡΞ
