3328 5326
765 423 888 484 340
1684 420 2190 484 THEOCRITUS.

763 614 994 706 quitur
1027 615 1264 705 quinta
1303 634 1484 706 pars,
1523 633 1703 705 quae
1740 633 1923 684 nunc
1961 634 2053 684 ex
2094 622 2252 683 octo
2290 612 2603 682 versibus
2655 622 2954 682 constat.
3031 612 3095 680 Hi

763 716 938 788 duas
976 738 1178 810 pares
1216 716 1533 808 strophas
1570 716 2009 808 praeberent,
2048 716 2176 785 nisi
2211 716 2386 788 haec
2423 737 2484 785 v.
2534 717 2653 786 68.
2703 715 2908 788 foede
2965 737 3097 785 cor-

762 828 966 913 rupta
1004 829 1238 890 essent

965 924 1137 1001 ναῦς
1169 921 1300 1014 μὲν
1335 920 1568 1015 ἄρμεν’
1610 923 1846 1011 ἕχοισα
1881 919 2230 1016 μετάρσια
2262 921 2407 992 τῶν
2442 919 2875 1014 παρεόντων·

970 1024 1162 1096 ἱστία
1200 1026 1264 1094 δ’
1304 1027 1541 1121 ἠΐθεοι
1575 1023 2036 1116 μεσονύκτιον
2070 1022 2551 1118 ἐξεκάθαιρον.

760 1131 931 1203 Illud
967 1151 1107 1200 non
1143 1127 1419 1199 videtur
1455 1126 1742 1200 dubium
1779 1150 1959 1213 esse,
1999 1129 2357 1221 scripsisse
2387 1136 2664 1220 poetam
2691 1128 2865 1204 ναῦς
2889 1154 2970 1217 γε
2991 1131 3107 1218 μὲν

760 1234 992 1328 ἄρμεν’
1035 1232 1310 1322 ἔχοισα,
1366 1230 1494 1302 sed
1537 1232 1668 1301 nisi
1702 1232 1844 1301 τῶν
1880 1228 2289 1326 παρεόντων
2326 1253 2449 1324 pro
2488 1230 2790 1304 absurdo
2827 1229 3102 1301 alicuius

759 1337 1031 1407 scribae
1065 1334 1546 1428 supplemento
1585 1334 1845 1405 habere
1882 1336 2238 1420 volumuS,
2277 1335 2372 1404 ita
2409 1335 2634 1428 potius
2673 1334 3102 1405 statuendum

758 1440 917 1525 erit,
957 1437 1304 1509 excidisse
1341 1439 1644 1509 lacerato
1683 1438 1927 1509 codice
1964 1439 2222 1531 aliquot
2262 1460 2537 1522 versuS,
2592 1459 2891 1530 quorum
2943 1459 3101 1509 unus

757 1544 863 1614 his
915 1542 1205 1615 vocibus
1258 1542 1758 1612 terminaretur.
1853 1543 1926 1612 In
1983 1543 2198 1613 altero
2266 1563 2474 1613 versu
2517 1542 2807 1616 multum
2859 1559 3102 1634 operae

756 1646 1102 1739 perditum
1139 1647 1265 1714 est.
1350 1645 1413 1714 ls
1451 1646 1550 1715 sic
1588 1655 1697 1715 est
1732 1645 2247 1717 emendandus:

960 1750 1162 1825 εἰςέτι
1197 1747 1265 1817 δ’
1305 1748 1543 1843 ἠΐθεοι
1576 1745 2036 1840 μεσονύκτιον
2072 1746 2518 1832 ἐξεκάθευδον

958 1850 1317 1947 Ἡρακλῆα
1351 1852 1705 1942 μένοντες.

755 1954 1145 2049 Xenophon
1183 1953 1338 2024 hist.
1383 1954 1493 2023 Gr.
1535 1955 1610 2024 Il.
1656 1956 1726 2040 2,
1768 1954 1889 2027 24.
1922 1951 2373 2036 ἐξεκάθευδον
2410 1953 2482 2024 δὲ
2518 1954 2631 2023 καὶ
2671 1959 2741 2023 οἱ
2777 1959 3004 2029 ἱππεῖς
3035 1957 3099 2024 ἐν

753 2059 853 2152 τῷ
886 2057 1156 2149 ᾨδείῳ.
1218 2057 1422 2141 Quod
1449 2057 1507 2128 si
1535 2058 2024 2151 haecquoque
2061 2057 2382 2129 carminis
2416 2078 2578 2149 pars
2617 2057 2765 2149 pari
2801 2079 2963 2127 cum
2996 2076 3098 2125 ce-

755 2162 918 2232 teris
956 2160 1306 2253 diligentia
1347 2162 1527 2231 facta
1555 2173 1684 2246 est,
1724 2183 1816 2232 ex
1841 2163 2059 2232 tribus
2088 2183 2171 2232 ea
2201 2159 2498 2253 strophis
2527 2159 2917 2244 constabat,
2945 2180 3099 2251 qua-

756 2287 906 2337 rum
944 2266 1164 2358 prima
1203 2275 1273 2334 et
1310 2265 1515 2335 tertia
1551 2275 1871 2357 quattuor
1906 2286 2152 2336 versus
2191 2264 2511 2334 habebat.

631 2378 735 2429 XX
965 2368 1475 2439 'Vicesimum
1526 2368 1844 2461 idyllion,
1899 2368 2087 2461 quod
2140 2368 2421 2460 quidam
2471 2378 2730 2459 negant
2773 2364 3096 2436 Theocriti

756 2492 944 2554 esse,
1011 2470 1377 2541 commode
1440 2482 1705 2564 potest,
1792 2472 1849 2541 si
1912 2472 1999 2542 ad
2063 2467 2539 2564 argumentum
2612 2470 2973 2563 respicitur
3038 2468 3094 2535 in

752 2583 1073 2666 quattuor
1124 2583 1355 2666 partes
1408 2574 1762 2658 distribui,
1810 2595 2096 2668 quarum
2146 2575 2397 2669 primas
2446 2573 2570 2643 has
2622 2572 2939 2666 strophas
2987 2571 3097 2640 ha-

752 2677 937 2762 beat,
982 2681 1046 2748 5.
1085 2680 1149 2747 5.
1188 2681 1253 2747 3.
1292 2681 1356 2748 3.
1391 2679 1458 2750 2.
1494 2678 1805 2749 secunda
1829 2731 1847 2762 ,
1887 2678 1999 2749 cui
2037 2701 2248 2750 unum
2283 2700 2564 2749 versum
2605 2688 2918 2771 ereptum
2956 2695 3096 2746 esse

752 2780 1152 2865 ostendam,
1207 2791 1474 2875 septem
1514 2781 1826 2852 distichis
1863 2792 2155 2867 constet,
2195 2783 2395 2852 tertia
2431 2781 2521 2852 sit
2558 2779 2981 2863 huiusmodi,
3032 2779 3091 2850 2.

754 2883 818 2954 3.
859 2886 923 2954 3.
960 2886 1025 2957 2.
1080 2878 1090 2982 Ι
1139 2895 1379 2976 quarta
1426 2884 1728 2977 denique
1776 2907 1869 2955 ex
1920 2885 2192 2957 duobus
2243 2885 2552 2956 distichis
2601 2887 2804 2955 facta.
2886 2882 3092 2954 Minus

751 2988 933 3057 enim
987 2990 1307 3082 probem,
1364 2989 1423 3059 si
1469 2988 1636 3060 illud
1687 2990 2067 3070 distichon,
2134 2989 2324 3082 quod
2375 2998 2448 3060 ut
2492 2987 2798 3080 epodum
2848 2986 3090 3078 primae

751 3092 962 3183 partis
1001 3095 1232 3186 posui,
1288 3093 1647 3186 proximae
1695 3094 1870 3187 parti
1908 3093 2340 3185 adiungatur.
2433 3093 2506 3162 In
2558 3091 2690 3161 hac
2735 3091 2886 3182 quis
2933 3090 3089 3158 ferat

747 3194 921 3266 haec
961 3220 1023 3266 v,
1061 3199 1181 3268 24.
1721 3206 1726 3212 “

949 3300 1065 3368 καὶ
1101 3298 1232 3393 γάρ
1268 3299 1427 3390 ἐμοὶ
1465 3297 1550 3369 τὸ
1587 3296 1937 3393 πάροιθεν
1973 3294 2315 3370 ἑπάνθεεν
2352 3294 2484 3368 ἁδύ
2521 3324 2591 3367 τι
2627 3296 2897 3384 κάλλος,

953 3400 1044 3477 ὥς
1078 3399 1315 3476 κισσὸς
1348 3401 1515 3471 ποτὶ
1552 3404 1890 3495 πρέμνον,
1933 3399 2110 3492 ε’μὰν
2146 3402 2210 3470 δ’
2241 3398 2569 3485 ἐπύκαζεν
2598 3397 2895 3495 ὖπήναν·

948 3509 1191 3589 χαῖται
1228 3502 1286 3571 d'
1332 3503 1450 3572 οἷα
1487 3506 1718 3574 σε’λινα
1753 3504 1908 3597 περὶ
1946 3500 2365 3597 κροτάφοισι
2397 3505 2711 3591 κέχυντο·

950 3606 1065 3675 καὶ
1101 3603 1340 3675 λευκὸν
1375 3604 1459 3674 τὸ
1495 3606 1820 3695 μέτωπον
1855 3607 1951 3676 ἐπ’
1993 3603 2259 3700 ὀφρύσι
2290 3603 2511 3697 λάμπε
2549 3604 2903 3696 μελαίναις

950 3705 1242 3799 ὄμματά
1275 3733 1406 3797 μοι
1439 3710 1736 3797 γλαυκᾶς
1770 3706 2229 3803 χαροπώτερα
2263 3708 2513 3779 πολλὸν
2547 3706 2890 3784 Ἀθάνας.

746 3811 955 3881 Nimis
995 3810 1463 3905 impudentem
1518 3830 1674 3880 esse
1723 3810 1902 3881 hanc
1957 3810 2250 3882 hominis
2301 3812 2764 3905 arrogantiam
2801 3808 3081 3880 sentiens

744 3914 1371 3998 WordsworthiuS,
1426 3913 1870 3985 minuendam
1906 3916 2193 4006 putabat
2226 3915 2488 4006 μᾶλλον
2535 3914 2922 3985 scribendo,
2998 3905 3079 3975 At

743 4018 997 4088 πολλὸν
1045 4019 1274 4111 potius
1320 4016 1591 4087 scribae
1638 4017 1874 4112 inepto
1921 4018 2174 4089 iudicio
2213 4017 2538 4103 debetur,
2594 4018 2774 4087 male
2824 4032 3075 4086 versum

743 4117 1163 4211 integrantis.
1224 4121 1590 4190 Praeterea
1628 4141 1751 4191 cur
1788 4122 1917 4191 iste
1955 4121 2185 4206 homo,
2225 4121 2339 4213 qui
2378 4130 2741 4215 tantopere
2776 4117 3078 4213 pulcritu-

742 4219 975 4291 dinem
1015 4245 1210 4294 suam
1250 4226 1489 4307 iactat,
1544 4222 1614 4293 id
1664 4225 1995 4317 praeterit
2030 4223 2219 4318 quod
2254 4224 2547 4318 primum
2585 4245 2845 4318 ponere
2879 4218 3072 4291 debe-

738 4324 881 4408 bat,
924 4327 1232 4419 corporis
1282 4330 1573 4398 formam
1619 4336 1690 4396 et
1740 4332 2123 4400 staturam?
2203 4327 2405 4398 Certo
2460 4328 2532 4397 hi
2581 4350 2723 4399 non
2772 4326 3066 4419 quinque,

739 4427 866 4499 sed
905 4451 1033 4499 sex
1069 4451 1313 4501 versus
1354 4434 1647 4515 fuerant,
1689 4430 1787 4501 sic
1825 4431 2121 4503 ordinati
2157 4431 2570 4525 scriptique:

581 4565 632 4616 p.
657 4555 714 4601 u
946 4532 1063 4604 καὶ
1097 4531 1227 4629 γὰρ
1266 4533 1423 4624 ἐμοὶ
1461 4531 1544 4603 τὸ
1579 4531 1930 4629 πάροιθεν
1966 4533 2304 4607 ἐπάνθεεν
2343 4531 2473 4605 άὸύ
2510 4562 2587 4605 τε
2622 4532 2879 4619 κάλλος,
