3328 5326
629 326 758 387 398
1620 320 2029 383 HORATIUS.

635 518 897 590 Iunone
935 513 1364 586 honoranda.
1449 515 1673 598 Quam
1710 513 2274 584 emendationem
2310 531 2524 603 quum
2560 518 2725 579 ante
2758 528 2873 578 me
2907 509 3005 578 fe-

632 621 810 692 cerit
865 620 1409 712 Peerlkampius,
1477 617 1857 711 permirum
1918 626 2026 699 est
2074 613 2269 709 quod
2316 634 2475 684 eam
2525 612 2821 684 Orellius
2871 632 3003 682 non

630 723 1117 796 animadvertit
1161 722 1370 815 plane
1420 721 1891 792 necessariam
1926 741 2107 804 esse,
2147 718 2473 811 exempla
2508 716 2872 810 requirens
2907 714 3008 786 lo-

637 827 964 910 cutioniS,
1018 846 1199 917 quae
1252 845 1395 896 non
1444 818 1621 919 opus
1669 824 1885 896 habet
1934 821 2295 915 exemplis.
2378 819 2744 890 Assentior
2780 829 3010 891 antem

635 952 768 1024 ego
805 929 1281 1022 Peerlkampio
1319 930 1391 999 in
1427 950 1513 1000 eo
1551 950 1855 1020 quoque,
1886 926 2078 1021 quod
2106 926 2226 996 illa
2252 924 2496 1008 verba,
2528 922 2822 993 carmine
2851 946 3008 1017 per-

622 1041 821 1129 petuo
861 1032 1188 1104 celebrare
1227 1039 1289 1102 et
1322 1031 1611 1127 undique
1649 1031 2025 1126 decerptam
2058 1026 2265 1124 [ronti
2292 1049 2705 1122 praeponere
2741 1025 3007 1110 olivam,

637 1145 710 1208 ut
747 1137 1143 1229 explicandi
1180 1157 1429 1209 caussa
1466 1135 1728 1220 addita,
1770 1135 1859 1206 ab
1897 1134 2181 1206 Horatio
2218 1130 2655 1215 abiudicavit,
2694 1130 3012 1202 restituta

631 1240 931 1332 genuina
977 1241 1354 1333 scriptura:

868 1352 1020 1413 sunt
1054 1341 1291 1438 quibus
1325 1365 1534 1412 unum
1570 1365 1736 1437 opus
1772 1349 1869 1413 est
1899 1340 2186 1411 intactae
2225 1335 2528 1409 Palladis
2565 1359 2773 1408 arces,

635 1446 839 1530 Quod
878 1447 936 1516 si
972 1449 1127 1539 quis
1164 1447 1481 1530 obiiciat,
1535 1446 1728 1538 quod
1778 1447 1879 1517 sic
1918 1465 2057 1515 una
2092 1442 2378 1536 stropha
2414 1463 2556 1513 non
2591 1441 2866 1533 integra
2900 1441 3008 1523 sit,

632 1560 912 1642 praesto
944 1550 1266 1643 estquod
1296 1549 1825 1643 respondeatur.
1884 1549 2051 1618 Tam
2078 1547 2262 1617 enim
2290 1567 2383 1616 ex
2410 1546 2705 1638 abrupto
2736 1543 3011 1615 adiecta

626 1663 795 1724 sunt
830 1675 1010 1745 quae
1046 1665 1205 1747 post
1239 1654 1390 1724 illos
1428 1674 1602 1746 quos
1639 1653 1843 1747 posui
1869 1672 2118 1722 versus
2148 1660 2553 1741 sequuntur,
2593 1657 2670 1719 ut
2705 1669 2851 1719 non
2888 1670 3011 1742 ap-

632 1768 896 1849 pareat,
935 1779 1074 1850 quo
1110 1757 1320 1828 modo
1358 1779 1518 1828 cum
1553 1756 2029 1849 superioribus
2068 1754 2526 1825 cohaereant:
2568 1774 2708 1845 quo
2750 1753 3012 1824 factum

628 1871 739 1930 est
790 1872 865 1932 ut
916 1861 985 1929 in
1036 1861 1299 1953 aliquot
1351 1860 1709 1932 codicibus
1759 1860 1896 1930 hoc
1943 1880 2226 1929 carmen
2277 1858 2347 1927 in
2398 1856 2539 1928 duo
2576 1856 2666 1926 sit
2701 1856 3012 1926 carmina

630 1963 947 2035 divisum.
1032 1964 1208 2034 Nam
1259 1964 1446 2056 qu'od
1485 1963 1780 2036 Orellius
1818 1964 1948 2048 ait,
1988 1961 2492 2056 apertissimam
2530 1980 2689 2030 esse
2725 1969 3014 2030 senten-

631 2068 874 2138 tiarum
913 2068 1450 2152 connexionem,
1489 2089 1701 2158 quam
1738 2067 1847 2137 his
1883 2067 2110 2137 verbis
2147 2064 2561 2136 declaravit:
2606 2074 2821 2148 „ante
2858 2084 3011 2133 om-

630 2193 755 2241 nes
795 2173 1116 2264 regiones
1153 2171 1318 2242 mihi
1356 2172 1587 2264 placet
1623 2171 1861 2255 Tibur:
1919 2192 2086 2263 ergo
2126 2179 2200 2241 tu
2235 2189 2515 2260 quoque
2552 2168 2622 2237 in
2660 2168 3013 2238 amoenis-

629 2275 804 2345 simo
842 2276 1195 2347 Tiburtino
1235 2285 1353 2347 tuo
1392 2274 1733 2344 tristitiam
1755 2329 1772 2359 ,
1824 2295 2005 2366 quae
2043 2295 2227 2345 nunc
2265 2283 2335 2342 te
2372 2271 2597 2364 angit,
2650 2270 3009 2364 depellere

629 2379 962 2471 poteriS‚“
1001 2379 1073 2450 id
1108 2388 1300 2473 patet
1335 2388 1686 2449 extortum
1723 2399 1815 2448 ex
1850 2387 2102 2471 poetae
2138 2376 2367 2446 verbis
2405 2397 2597 2459 esse,
2639 2375 2756 2465 qui
2793 2397 3009 2466 quum

630 2482 905 2573 scripsit
946 2505 1063 2552 seu
1108 2490 1167 2551 te
1215 2481 1539 2577 snlyentia
1583 2481 1791 2575 siqnis
1827 2490 2047 2551 castra
2083 2487 2327 2564 tenent,
2375 2502 2492 2549 seu
2528 2477 2734 2548 densa
2771 2477 3012 2548 tenebit

640 2580 901 2653 Tiburis
950 2583 1187 2654 umbra
1236 2585 1363 2670 tui,
1416 2606 1558 2655 non
1606 2584 1772 2654 fecit
1816 2584 1950 2654 nisi
1985 2585 2213 2654 obiter
2249 2583 2517 2653 Tiburis
2552 2582 3005 2667 mentionem,

629 2684 1019 2781 ubicumque
1055 2687 1186 2758 eris
1224 2686 1643 2780 significans.
1729 2688 1841 2757 Ex
1876 2709 2012 2779 quo
2049 2689 2197 2759 veri
2236 2688 2456 2759 simile
2494 2697 2638 2772 est,
2677 2687 3010 2779 quoniam

504 2812 814 2875 p.9nunc
852 2813 1082 2884 neque
1120 2814 1333 2863 unum
1371 2813 1503 2861 nec
1542 2791 1684 2863 duo
1722 2792 2030 2862 carmina
2068 2793 2445 2874 habemus,
2493 2790 2850 2861 excidisse
2887 2791 3011 2859 ali-

630 2895 797 2987 quid
833 2905 992 2989 post
1025 2918 1091 2965 v.
1144 2894 1288 2980 44„
1335 2896 1524 2988 quod
1577 2896 2036 2989 posteriorem
2071 2906 2342 2990 partem
2381 2917 2539 2966 cum
2577 2895 2809 2988 priore
2845 2905 3005 2988 apte

592 3075 597 3082 ,
629 2999 1076 3092 copulaverit.
1140 2998 1461 3071 Ceterum
1489 3002 1548 3070 si
1576 2999 2075 3093 Oudendorpio
2107 3011 2177 3070 et
2205 2999 2681 3092 Peerlkampio
2710 2997 3005 3069 offensui

630 3103 753 3172 fuit
779 3102 1043 3196 patiens
1080 3100 1574 3188 Lacedaemon,
1630 3126 1769 3175 non
1809 3104 2137 3189 dixerim,
2179 3114 2254 3176 ut
2288 3103 2604 3186 OrelliuS,
2646 3102 2813 3173 satis
2851 3102 3004 3171 illos

627 3206 843 3277 refelli
898 3206 979 3276 iis
1029 3228 1209 3299 quae
1261 3206 1666 3278 Plutarchus
1713 3209 1784 3277 in
1821 3208 1963 3277 vita
2007 3197 2304 3300 Lycurgi
2343 3229 2492 3300 cap.
2544 3209 2658 3276 48.
2707 3207 2998 3275 referat:

624 3310 742 3401 qui
779 3332 993 3401 quum
1028 3331 1284 3402 pueros
1323 3332 1535 3404 saepe
1572 3333 1795 3404 usque
1833 3312 1921 3382 ad
1952 3332 2201 3381 necem
2230 3332 2474 3381 caesos
2504 3320 2759 3395 narret,
2792 3319 3006 3379 testa-

628 3422 737 3496 tur
772 3412 883 3480 ille
921 3412 1205 3504 quidem
1241 3414 1646 3505 patientiam
1683 3415 2425 3499 Lacedaemoniorum,
2474 3413 2601 3484 sed
2638 3434 2782 3484 non
2820 3434 2998 3496 eam,

621 3536 805 3607 quae
843 3525 1076 3608 aptam
1114 3509 1444 3587 laudandi
1481 3520 1842 3589 materiam
1877 3520 2233 3613 praebeat.
2305 3518 2458 3589 Non
2497 3526 2606 3588 est
2640 3528 2876 3587 tamen
2914 3517 3001 3587 de

625 3618 792 3689 vitio
830 3619 1214 3712 scripturae
1244 3621 1713 3712 cogitandum.
1800 3622 1974 3693 Nam
2028 3645 2243 3716 quum
2288 3631 2498 3715 poeta
2548 3620 2638 3691 de
2677 3621 2999 3693 omnibus

624 3743 800 3812 quos
837 3723 1149 3793 nominat
1182 3724 1354 3794 locis
1391 3745 1476 3794 ea
1514 3725 1895 3818 praedicet,
1934 3726 2185 3819 quibus
2214 3727 2380 3796 clari
2409 3734 2571 3797 sunt
2597 3734 2669 3794 et
2696 3725 2789 3795 ob
2819 3745 2998 3817 quae

625 3826 890 3897 laudari
927 3828 1220 3910 soleant,
1261 3827 1976 3901 Lacedaemoniorum
2012 3838 2357 3901 memorat
2390 3828 2821 3923 patientiam,
2859 3850 2998 3898 non

623 3930 812 4018 quod
864 3952 1118 4024 pueros
1171 3930 1405 4023 flagris
1458 3932 1788 4017 caedant,
1854 3933 1981 4004 sed
2036 3934 2316 4005 omnino
2381 3933 2572 4026 quod
2620 3932 2996 4003 severitate

623 4030 1028 4125 disciplinae
1082 4033 1173 4105 ad
1223 4034 1500 4106 labores
1537 4036 1984 4108 sustinendos
2025 4037 2347 4109 obdurati
2383 4037 2834 4130 praecipuam
2869 4036 2996 4105 sibi

622 4135 995 4228 patientiae
1048 4140 1299 4209 famam
1337 4141 1769 4233 pepererint:
1830 4162 1915 4211 ea
1949 4162 2121 4212 vero
2161 4142 2309 4213 laus
2347 4140 2429 4211 iis
2465 4139 2827 4223 manebat,
2867 4139 2991 4209 etsi

619 4260 761 4330 quo
817 4248 1129 4333 tempore
1182 4242 1351 4314 illud
1401 4243 1679 4336 scripsit
1716 4243 2034 4316 Horatius
2070 4266 2306 4316 mores
2343 4266 2587 4316 eorum
2624 4243 2832 4315 valde
2870 4241 2994 4313 de-

618 4355 1148 4435 generaverant.

826 4446 1066 4518 Redeo
1105 4449 1195 4519 ad
1233 4451 1527 4544 primum
1564 4473 1866 4524 carmen.
1950 4453 2025 4522 In
2077 4475 2163 4524 eo
2203 4453 2413 4523 etiam
2450 4452 2582 4523 alia
2616 4462 2779 4524 sunt
2813 4472 2987 4543 quae

616 4550 1057 4646 displiceant.
1118 4551 1269 4623 Non
1299 4557 1640 4628 assentior
1668 4578 1805 4653 ego
1843 4556 2123 4648 quidem
2152 4557 2652 4651 PeerlkampiO,
2682 4557 2799 4649 qui
2828 4554 2984 4625 mihi
