3328 5326
1190 360 1667 427 AESlems.
2492 362 2612 424 ⁴32

269 549 411 622 dem
443 551 673 622 resisti
707 573 851 623 non
884 553 1155 646 poterit.
1251 552 1444 625 Sed
1426 577 1499 624 m
1531 574 1860 646 quanam·
1869 575 1946 624 re
1979 554 2290 625 cernitur
2323 554 2456 625 ista
2490 574 2618 623 ne·-

269 654 581 726 cessitas?
677 657 761 726 ln
812 676 937 740 ec,
986 657 1245 749 inquit,
1302 658 1495 750 quod
1544 679 1796 729 vasus
1842 657 1962 729 ille
2010 678 2151 728 non
2195 658 2422 729 solum
2456 677 2618 728 cum

266 758 519 830 Aret-ini
536 767 611 828 et
633 759 982 853 Euripidis
1011 759 1359 832 Troadum
1387 783 1595 832 versu
1622 761 1965 855 congruit,
1994 760 2124 831 sed
2149 760 2360 831 etiam
2389 761 2616 834 nullus

265 861 323 930 in
354 861 601 932 fabulis
639 862 898 934 Troicis
936 862 1146 934 homo
1181 863 1560 949 invenitur,
1606 865 1679 934 in
1714 885 1923 957 quem
1971 873 2288 958 expetat.
2344 883 2504 934 nam
2557 863 2618 933 si

265 964 398 1056 quis
424 964 747 1037 Paridem
782 965 1157 1058 significari
1191 976 1511 1051 censeat,
1552 968 1870 1040 Priamus
1900 970 2049 1039 fera
2085 969 2290 1039 belua
2324 986 2619 1038 vocare-

267 1078 392 1152 tur,
440 1069 564 1160 qui
614 1078 847 1141 tamen
896 1070 1176 1140 minime
1228 1072 1385 1141 talis
1433 1072 1594 1155 finit,
1643 1072 1832 1143 Paris
1881 1081 2115 1144 autem
2149 1093 2291 1142 non
2337 1080 2620 1165 propter

267 1171 588 1263 originem
621 1193 847 1257 suam,
881 1173 1009 1244 sed
1045 1182 1331 1267 propter
1366 1173 1669 1246 indolem
1699 1175 2129 1269 periculosus
2166 1184 2294 1248 ess.
2351 1173 2621 1245 Iuvabit

265 1273 418 1350 haec
458 1276 732 1368 Quia
767 1276 1233 1348 considerare.
1311 1277 1568 1363 Primo,
1604 1289 1683 1350 ut
1718 1278 2212 1364 concedamus,
2249 1277 2442 1370 quod
2475 1299 2619 1347 non

266 1379 738 1465 concedimus,
776 1381 1127 1451 neminem
1168 1401 1328 1451 esse
1363 1381 1435 1451 in
1471 1382 1723 1453 fabulis
1759 1382 2067 1453 Troianis
2101 1392 2379 1475 praeter
2411 1380 2622 1474 Asty·-

266 1493 595 1567 anactem,
616 1484 690 1554 in
717 1505 926 1575 quem
951 1484 1249 1576 quadret
1272 1485 1405 1555 iste
1432 1506 1704 1570 versus,
1743 1485 1911 1578 quid
1948 1486 2136 1578 cogit
2170 1496 2247 1557 ut
2282 1484 2378 1556 de
2408 1485 2621 1556 rebus

265 1586 559 1657 Troianis
613 1588 1045 1679 cogitemus?
1129 1588 1467 1681 Apertum
1514 1599 1623 1659 est
1675 1610 1956 1660 sumere
1998 1588 2135 1660 hoc
2185 1588 2622 1659 Welckerum

266 1689 398 1760 sine
423 1711 709 1776 caussa,
732 1700 809 1761 ut
835 1691 1091 1762 habeat
1117 1713 1158 1761 a
1189 1714 1330 1785 quo
1357 1691 1856 1785 proficiscatur.
1914 1693 1973 1763 N
1977 1700 2088 1763 am
2116 1692 2274 1786 quis
2297 1690 2625 1762 ostendet

264 1814 476 1908 neque
514 1803 677 1865 ante
711 1794 970 1865 bellum
997 1794 1366 1866 Troianum
1397 1816 1532 1867 nec
1569 1806 1819 1890 postea
1854 1798 2065 1868 ullum
2099 1796 2366 1867 vixisse
2397 1794 2623 1865 leonis

268 1895 464 1968 instar
500 1896 952 1969 metuendum
987 1897 1558 1970 adolescentem?
1627 1899 1900 1971 Deinde
1934 1920 2228 1971 versum
2252 1899 2470 1983 illum,
2505 1897 2622 1991 qui

267 2020 302 2069 a
333 2002 557 2072 multis
593 2001 1065 2129 scriptoribus
1084 2012 1157 2073 ut
1192 2002 1638 2096 proverbium
1675 2003 1979 2086 affertur,
2727 2059 2732 2064 .

453 2102 730 2200 νήπιος,
772 2105 855 2182 ἃς.
885 2106 1157 2200 πατέρα
1189 2104 1462 2185 κτείνας
1495 2108 1749 2184 παῖδας
1783 2103 2203 2193 καταλείπω,
2640 2117 2770 2180 9-4*

270 2208 407 2298 quis
459 2207 637 2278 dixit
669 2208 937 2277 Arctini
985 2210 1195 2278 esse?
1262 2208 1335 2278 C.
1367 2209 1447 2279 G.
1480 2210 1853 2280 Muellerus
1903 2210 1973 2278 in
2025 2229 2114 2279 eo
2160 2207 2378 2290 libro,
2412 2213 2624 2298 quem

267 2308 351 2380 de
380 2312 575 2403 cyclo
613 2312 813 2405 epico
851 2311 1126 2405 scripsit
1163 2335 1228 2405 p
1264 2314 1383 2383 98.
1459 2313 1631 2383 Nam
1667 2322 1986 2383 veterum
2023 2311 2467 2405 scriptorem,
2503 2309 2625 2401 ‘qui

268 2414 437 2485 solus
506 2426 785 2509 poetam
855 2415 1167 2486 nominat
1237 2414 1555 2487 Clemens
1626 2414 2143 2487 Alexandrinus
2215 2414 2468 2484 Strom.
2511 2412 2618 2482 VI.

266 2539 331 2609 p.
371 2519 407 2588 7
417 2517 530 2590 47.
609 2519 884 2590 Stasino
940 2541 1102 2590 eum
1153 2519 1413 2591 tribuit.
1478 2520 1797 2592 Muelleri
1841 2520 2322 2591 coniecturam
2368 2525 2444 2587 ut
2480 2536 2625 2586 non

270 2620 532 2694 dubiam
582 2623 868 2717 arripnit
906 2622 1310 2695 Welckerns
1329 2678 1351 2709 ‚
1386 2624 1549 2717 quia
1583 2645 1675 2695 ne
1710 2623 1782 2694 in
1820 2623 2083 2718 Cypriis
2123 2620 2424 2716 ‘quidem
2467 2640 2627 2691 car-

270 2725 548 2798 minibus
566 2780 586 2812 ‚
625 2738 961 2819 qnantum
996 2749 1090 2798 ex
1126 2727 1349 2798 Pmeli
1384 2728 1719 2799 nelatione
1753 2728 2157 2799 existimare
2193 2727 2356 2796 licet
2372 2777 2391 2810 ‚
2430 2725 2625 2796 loces

275 2829 466 2900 fuisse
500 2832 739 2905 versui
770 2831 867 2900 illi
898 2830 1243 2902 videatur.
1298 2831 1472 2902 Nolo
1510 2831 1619 2902 his
1657 2832 2040 2915 adversari,
2077 2850 2498 2922 quamquam
2535 2827 2627 2898 de

275 2934 661 3023 proverbio,
720 2935 834 3004 cui
880 2935 1279 3027 usurpando
1329 2935 1622 3027 plurima
1677 2935 1933 3027 ubique
1980 2943 2188 3025 atque
2224 2932 2412 3003 omni
2450 2941 2628 3001 tem-

274 3057 431 3126 pore
466 3039 949 3132 opportunitas
975 3038 1123 3121 fuit,
1149 3059 1293 3108 non
1320 3038 1541 3108 ausim
1571 3038 1997 3108 Clfflientem
2026 3036 2281 3107 erroris
2310 3055 2621 3128 arguere.

275 3137 590 3234 Exempla
652 3143 802 3235 ipse
852 3140 1258 3212 Welckerus
1320 3164 1397 3233 p..
1448 3143 1671 3214 4248.
1721 3141 1983 3224 audit,
2047 3139 2300 3232 quibus
2362 3137 2627 3209 addene

279 3253 525 3333 poterat
558 3245 931 3338 Eurysthei
968 3245 1187 3315 verba
1222 3246 1295 3313 in
1330 3244 1720 3317 Heraclidis
1747 3268 1815 3315 v.
1853 3246 2074 3315 4005.

459 3352 719 3421 οὐκοῦν
757 3346 843 3419 σύ
877 3350 930 3438 γ’
972 3349 1059 3418 ἂν
1090 3347 1411 3440 λαβοιῢσα
1439 3347 1569 3424 τὰς
1601 3347 1777 3438 ἐμὰς
1813 3345 2031 3435 τύχαις

457 3453 721 3547 ἐχθροῦ
755 3454 1037 3529 λέοντος
1073 3450 1375 3546 civemn&
1403 3449 1874 3548 βλαστήματα

454 3556 748 3651 ἤλαυνες
783 3555 872 3626 ἂν
907 3559 1257 3645 κακοῖσιν,
1295 3553 1470 3626 ἀλλὰ
1506 3551 1894 3649 σωφρόνως

457 3660 697 3735 εἴασας
733 3661 946 3729 οἰκεῖν
971 3658 1257 3752 ’Ἁργος.

284 3755 403 3831 Sed
448 3772 628 3833 esto:
687 3762 775 3831 sit
825 3761 939 3831 ille
987 3782 1226 3832 versus
1268 3760 1564 3845 Arctini;
1623 3761 1714 3831 sit
1763 3760 1853 3831 de
1890 3759 2312 3852 Astyanacte
2363 3758 2624 3828 dictus:

281 3863 446 3935 unde
480 3866 764 3936 tandem
799 3865 1106 3957 prodibit
1130 3865 1537 3948 necessitas,
1578 3875 1675 3948 ut,
1711 3865 1773 3934 si
1807 3862 2061 3934 eadem
2089 3861 2431 3933 sententia
2461 3882 2629 3932 usus

282 3976 374 4035 est
404 3967 786 4061 Aeschylus
807 4022 825 4052 ‚
874 3968 987 4038 hic
1024 3989 1303 4060 quoque
1340 3967 1431 4038 de
1467 3968 1894 4061 Astyanacte
1927 3967 2016 4037 sit
2048 3967 2372 4037 locutus?
2448 3964 2632 4035 Nihil

284 4067 449 4141 alind
509 4072 857 4164 sequitur,
916 4093 1129 4164 quam
1188 4072 1498 4164 potuisse
1558 4092 1721 4143 eum
1781 4071 1874 4142 de
1934 4069 2354 4162 Astyanacte
2416 4069 2626 4161 loqui.

283 4170 469 4264 Atqui
514 4196 699 4268 quae
746 4175 923 4245 haec
975 4184 1083 4246 est
1132 4175 1599 4246 ratiocinatio:
1653 4174 1845 4268 quod
1879 4173 2104 4268 polluit
2139 4171 2291 4243 fieri
2308 4220 2336 4257 ‚-
2365 4174 2630 4244 factum

257 4284 380 4367 'est
424 4279 864 4350 necessario?
946 4278 1280 4349 Nimirum
1331 4287 1475 4349 tota
1526 4278 1873 4349 Welckeri
1919 4277 2292 4370 disputatio
2342 4275 2633 4348 fluctuat

285 4382 463 4465 quasi
492 4382 669 4453 inter
702 4382 881 4454 duos
918 4382 1272 4476 scopuIOS,
1310 4400 1605 4473 quorum
1641 4400 1920 4475 semper
1957 4381 2046 4451 ab
2083 4380 2299 4451 altero
2351 4380 2632 4473 repulsa

287 4480 563 4555 relicitur
611 4485 702 4556 ad
752 4487 1075 4556 alterum:
1140 4485 1305 4578 quia
1336 4485 1728 4578 Aeschylus
1772 4483 1981 4556 Ἰλίου
2031 4486 2277 4580 πέρσιν
2330 4481 2627 4574 scripsit,

288 4600 513 4657 versus
543 4589 691 4660 eius
724 4588 819 4660 de
854 4587 1281 4683 Astyanacte
1314 4588 1559 4661 dictus
1579 4599 1715 4660 est:
1753 4588 1938 4680 ‹quia
1976 4587 2485 4660 versusdictus
2522 4591 2630 4654 est
2653 4602 2700 4613 *¹
