3328 5326
662 357 782 418 ⁴58
1616 354 2089 420 AESCHYLUS.

962 548 1151 627 ὅπως
1187 544 1489 637 τάχιστα
1524 546 1653 618 τὸν
1689 550 2022 643 πατρῷον
2059 552 2129 626 ἐς
2159 544 2436 643 θρόνον

968 653 1304 739 καθέζετ’,
1347 650 1566 728 εὐθὺς
1602 648 1935 742 δαίμοσιν
1970 652 2161 742 νέμει
2195 654 2362 745 γέρα

966 755 1273 826 ἄλλοισιν
1310 754 1510 840 ἄλλα,
1552 754 1667 825 καὶ
1705 753 2198 845 διεστοιχίζετο

965 856 1214 954 ἀρχήν
1254 858 1536 952 βροτῶν
1571 856 1643 928 δὲ
1679 857 1822 928 τῶν
1857 856 2321 953 ταλαιπώρων
2357 855 2564 947 λόγον

969 962 1095 1031 οὐκ
1131 961 1325 1051 ἔσχεν
1364 961 1613 1049 οὐδέν’,
1657 961 1794 1031 ἀλλ’
1834 957 2189 1039 ἀϊστώσας
2221 963 2419 1049 γένος

966 1063 1053 1134 τὸ
1090 1064 1260 1152 πᾶν,
1302 1064 1578 1158 ἔχρῃζεν
1614 1063 1781 1133 ἄλλο
1819 1065 2120 1156 φιτῦσαι
2154 1067 2339 1135 νεόν.

966 1166 1082 1238 καὶ
1118 1173 1351 1239 τοῖσιν
1388 1166 1614 1243 οὐδεὶς
1651 1168 2014 1259 ἀντέβαινε
2052 1166 2228 1264 πλὴν
2262 1168 2466 1258 ἐμοῦ.

967 1269 1096 1361 ἐγώ
1133 1272 1193 1340 δ’
1235 1266 1585 1365 ἐτόλμηό·
1627 1266 2062 1365 ἐξερυσάμην
2094 1271 2402 1366 βροτοὺς

968 1374 1097 1444 τοῦ
1134 1372 1232 1467 μὴ
1272 1372 1870 1467 διαρραισθέντας
1902 1374 2003 1450 εἰς
2024 1372 2278 1444 ’Ἁιδου
2313 1379 2583 1463 μολεῖν.

967 1479 1065 1569 τῷ
1102 1502 1217 1546 τοι
1251 1478 1554 1554 τοιαῖςδε
1592 1482 1983 1571 πημοναῖσι
2019 1473 2465 1568 κάμπτομαι,

969 1577 1260 1667 πάσχειν
1292 1579 1426 1670 μὲν
1462 1580 1912 1668 ἀλγειναῖσιν,
1956 1581 2350 1674 οἰκτραῖσιν
2386 1582 2448 1650 δ’
2489 1583 2689 1651 ἰδεῖν·

966 1682 1283 1779 θνητοὺς
1319 1684 1378 1751 δ’
1418 1686 1493 1753 ἐν
1531 1685 1740 1774 οἴκτῳ
1777 1684 2244 1776 προθέμενος,
2286 1681 2554 1756 τούτου
2589 1690 2826 1773 τυχεῖν

970 1788 1095 1856 οὐκ
1130 1782 1447 1882 ἠξιώθην
1485 1780 1731 1871 αὐτός,
1774 1785 1944 1856 ἀλλὰ
1982 1786 2233 1882 νηλεῶς

971 1886 1088 1959 ὧδ’
1129 1885 1620 1983 ἐρρύθμισμαι
1654 1888 1837 1984 Ζηνὶ
1877 1888 2191 1986 δυςκλεὴς
2224 1890 2392 1960 θεά.

661 1995 863 2082 Quod
915 1994 974 2066 si
1025 2015 1117 2063 ex
1169 1993 1276 2062 his
1329 2003 1520 2062 recte
1569 1992 1815 2063 videor
1860 1993 2245 2077 coniicere,
2303 1994 2483 2064 illam
2532 1993 2625 2065 de
2681 1997 3045 2088 perdendo

662 2109 781 2171 aut
817 2097 1165 2170 servando
1210 2117 1471 2188 genere
1519 2094 1822 2166 humano
1861 2097 2398 2168 controversiam
2437 2098 2506 2167 in
2543 2098 2838 2189 ignifero
2884 2100 3050 2171 Pro-

504 2242 555 2294 p.
578 2203 939 2278 mmetheo
976 2202 1306 2294 agitatam
1342 2220 1523 2283 esse,
1565 2221 1702 2269 non
1743 2200 1965 2271 solum
1993 2212 2476 2293 argumentum
2507 2201 2847 2273 habemus
2876 2226 3050 2275 con-

661 2305 1257 2377 venientissimum
1325 2303 1763 2396 tragoediae,
1821 2303 1949 2373 sed
2001 2315 2290 2398 apparet
2349 2305 2556 2374 etiam
2607 2327 2854 2377 omnes
2905 2318 3050 2379 tres

663 2408 1059 2502 tragoedias
1111 2406 1243 2477 hoc
1302 2428 1439 2477 uno
1491 2406 1765 2477 vinculo
1814 2406 2153 2478 contineri
2202 2417 2412 2501 atque
2461 2408 2553 2478 ad
2605 2409 2785 2480 hanc
2818 2433 3050 2483 >unam

664 2535 812 2583 rem
866 2510 1305 2602 conspirare,
1364 2518 1436 2580 ut
1493 2509 1709 2579 virtus
1749 2509 2139 2580 Promethei
2175 2519 2247 2581 et
2284 2512 2373 2582 de
2426 2533 2687 2604 genere
2738 2513 3051 2586 humano

661 2616 911 2688 merita
959 2611 1327 2708 splendido
1380 2622 1715 2685 ornentur
1769 2614 2163 2707 praeconio,
2276 2616 2456 2701 Hoc,
2509 2617 2566 2688 si
2618 2617 3052 2713 Aeschylum

664 2721 846 2805 novi,
885 2720 1171 2811 dignum
1209 2717 1358 2788 eius
1396 2717 1675 2808 ingenio
1714 2717 1841 2787 fuit
1875 2719 2257 2790 consilium.

878 3334 992 3416 DE
1022 3312 1162 3416 ‘RE
1217 3331 1594 3418 scEMcA
1646 3334 1748 3415 IN
1801 3333 2261 3416 Ausciml
2314 3333 2823 3434 olimina

543 3580 592 3632 p·
612 3571 640 3617 3
868 3530 978 3600 Ex
1014 3551 1154 3622 quo
1184 3527 1581 3622 Volgangus
1610 3527 1946 3601 Goethius
1977 3529 2325 3624 Euripidis
2363 3528 2793 3623 Iphigeniam
2828 3534 3056 3604 nostri

665 3635 814 3707 aevi
873 3634 1151 3725 ingenio
1215 3631 1819 3703 accommodatam
1870 3632 1942 3701 in
1987 3654 2272 3703 scenam
2339 3633 2598 3719 emisit,
2652 3633 3058 3709 Fridericus

666 3750 897 3811 autem
923 3736 1296 3808 Schillerus
1324 3736 1729 3807 recentioris
1757 3735 2085 3807 historiae
2109 3737 2531 3830 argumentis
2561 3737 2811 3809 imitari
2831 3738 3059 3812 Grae-

666 3864 906 3914 corum
961 3839 1355 3934 tragoedias
1404 3838 1700 3923 studuit,
1751 3861 1848 3910 ex
1891 3850 2087 3933 parte
2123 3841 2230 3911 via
2264 3839 2626 3912 videbatur
2661 3855 3060 3916 monstrata

667 3966 824 4016 esse
861 3966 1070 4037 quam
1107 3943 1637 4038 ingrederentur
1674 3943 1793 4035 qui
1819 3942 2124 4037 posthac
2164 3954 2399 4015 essent
2436 3944 2835 4036 tragoedias
2877 3950 3058 4019 scri-

665 4049 867 4142 pturi.
977 4049 1131 4120 Non
1189 4046 1455 4119 exstitit
1520 4056 1755 4120 tamen
1806 4045 1925 4139 qui
1979 4069 2127 4118 rem
2178 4047 2572 4118 inchoatam
2636 4047 3054 4141 perficeret:

666 4151 924 4245 quippe
959 4175 1090 4223 nec
1126 4151 1297 4223 satis
1335 4150 1654 4244 cognitae
1692 4161 1891 4221 erant
1933 4151 2123 4245 leges
2161 4151 2468 4221 Graecae
2506 4151 2950 4244 tragoediae,
2990 4167 3060 4227 et

666 4255 1067 4326 deterrebat
1103 4255 1297 4326 chori
1339 4275 1528 4339 usuS,
1567 4275 1774 4347 quem
1805 4253 2139 4327 Goethius
2172 4255 2343 4325 scite
2375 4253 2712 4347 effugerat
2741 4257 3057 4331 choricis

664 4359 976 4454 partibus
1014 4359 1083 4428 in
1119 4358 1542 4453 Iphigeniam
1578 4358 1947 4429 translatis,
2006 4358 2240 4451 Nuper
2276 4357 2558 4430 demum
2596 4358 2748 4453 ipsa
2776 4360 3057 4435 Graeca

836 4598 889 4681 ³¹⁵)
932 4595 1114 4658 Edita
1145 4605 1239 4658 est
1268 4615 1324 4658 a.
1361 4598 1546 4660 ⁴846.
1587 4593 1689 4677 [cf.
1720 4595 2228 4659 Sommerbrodtii
2262 4597 2553 4658 Scaenica
2585 4599 2812 4678 ιιι-134
2850 4602 2985 4684 sq.]
