3328 5326
710 348 790 410 20
1696 341 2083 405 HouERUS.

709 537 979 620 fuisset3
1049 536 1338 606 alterum
1358 586 1377 618 ,
1429 555 1610 627 quae
1663 533 1989 605 videntur
2049 532 2449 604 iterationes
2500 554 2693 616 esse,
2748 532 2876 603 sed
2925 553 3072 603 non

708 649 889 724 sunt,
927 661 1136 732 quum
1173 638 1327 730 quis
1362 647 1568 730 poeta
1606 637 1718 707 vel
1756 637 1928 707 alius
1966 645 2216 729 poetae
2242 636 2355 707 vel
2382 635 2527 707 suis
2553 636 2766 729 ipsius
2803 657 2896 706 ex
2932 636 3072 706 alio

709 740 1012 813 carmine
1058 741 1374 812 versibus
1417 740 1663 824 utitur;
1719 739 1994 812 tertium
2044 739 2381 831 denique,
2434 759 2615 831 quae
2666 739 3070 809 iterationes

706 845 989 938 quidem
1039 855 1229 929 sunt,
1277 866 1521 914 verum
1573 844 1730 913 illae
1781 864 1922 914 non
1967 842 2055 913 ab
2109 843 2276 936 ipsis
2325 842 2585 935 poetiS‚
2635 841 2763 912 sed
2809 842 3070 913 abillis

707 949 1095 1042 profectae,
1142 946 1260 1039 qui
1317 968 1409 1017 ex
1453 946 1748 1017 diversis
1794 946 2213 1017 carminibus
2249 945 2530 1016 Iliadem
2576 954 2647 1015 et
2680 945 3070 1038 odysseam

556 1087 606 1138 p.
630 1074 690 1120 σε
709 1059 1205 1145 componentes
1253 1071 1440 1123 nunc
1491 1059 1855 1120 servarunt
1904 1070 2084 1141 quae
2120 1071 2215 1119 ex
2249 1071 2390 1121 uno
2432 1049 2735 1119 carmine
2773 1049 2844 1118 in
2880 1047 3069 1120 aliud

708 1164 906 1225 erant
940 1154 1298 1237 translata,
1336 1175 1521 1225 nunc
1556 1153 1724 1247 ipsi,
1764 1162 1839 1223 ut
1873 1151 2136 1223 hiantia
2172 1151 2743 1246 conglutinarent,
2781 1152 3070 1223 lacunas

706 1278 800 1328 ex
853 1258 1000 1328 aliis
1052 1257 1223 1328 locis
1275 1257 1819 1351 compleverunt.
1907 1254 2137 1348 Atque
2193 1256 2373 1326 illius
2421 1254 2703 1348 quidem
2762 1256 3066 1348 generiS,

703 1360 890 1453 quod
916 1359 1212 1454 positum
1240 1360 1441 1430 estin
1462 1359 1741 1431 utendis
1767 1359 2029 1444 alienis,
2058 1360 2255 1453 plura
2278 1359 2695 1429 haberemus
2718 1359 3065 1452 exempla,

702 1464 764 1534 si
816 1463 957 1536 alia
1017 1462 1108 1533 ad
1166 1472 1474 1533 nostram
1532 1472 1833 1533 aetatem
1894 1463 2377 1556 pervenissent
2437 1462 3066 1554 antiquissimorum

700 1576 1061 1660 poetarum
1097 1565 1421 1637 carmina.
1479 1565 1737 1637 Eorum
1772 1555 2426 1658 quaedam'vestigia
2455 1566 2524 1635 in
2551 1564 2719 1658 ipsis
2747 1566 3071 1636 Homeri·-

703 1670 803 1741 cis
838 1669 1298 1740 inveniuntur.

902 1772 1054 1843 Fuit
1100 1771 1452 1865 quoddam
1502 1781 1978 1865 pervetustum
2028 1793 2311 1842 carmen
2363 1771 2455 1842 de
2490 1771 2800 1842 Nestoris
2849 1771 3067 1843 rebus

700 1876 949 1966 gestiS,
989 1896 1085 1945 ex
1118 1898 1259 1967 quo
1295 1876 1367 1945 in
1400 1875 1513 1945 XI.
1546 1884 1617 1945 et
1651 1876 1887 1945 ΧΧΙΙΙ.
1918 1875 2094 1946 libro
2130 1875 2360 1946 Iliadis
2396 1874 2655 1967 aliquid
2687 1894 3070 1945 conserva·-

701 1987 845 2050 tum
897 1987 1040 2063 est,
1093 1999 1176 2049 ac
1230 1978 1471 2049 nescio
1523 2000 1611 2049 an
1663 1979 1830 2072 ipsis
1878 1988 2131 2072 poetae
2184 1978 2363 2050 illius
2410 1978 2664 2049 verbis.
2739 1978 3063 2071 Magnam

698 2082 883 2151 enim
934 2089 1204 2175 partem
1258 2081 1634 2166 sermoniS,
1688 2103 1896 2173 quem
1951 2081 2021 2152 in
2071 2083 2183 2152 XI.
2232 2082 2445 2152 habet
2491 2081 2771 2166 Nestor,
2826 2082 2920 2153 ita
2969 2082 3064 2152 ab

696 2184 1078 2256 Homericis
1121 2185 1521 2278 discrepare
1540 2238 1558 2270 ,
1607 2195 1684 2255 ut
1729 2184 2287 2256 manifestissime
2337 2185 2545 2257 alium
2581 2194 2860 2278 poetam
2897 2207 3064 2278 pro-

696 2286 840 2372 dat,
894 2289 1029 2358 iam
1079 2289 1150 2356 in
1196 2288 1622 2380 praefatione
1671 2288 2085 2380 hymnorum
2120 2288 2423 2358 indicavi
2442 2314 2482 2357 ε.
2513 2298 3064 2382 persecutusque

697 2399 804 2459 est
837 2390 1020 2459 hanc
1059 2411 1208 2459 rem
1244 2388 1607 2483 diligenter
1637 2391 1964 2482 singulari
1992 2391 2477 2462 dissertatione
2503 2392 2834 2463 Aemilius
2864 2391 3065 2461 Pinz-

696 2513 904 2582 gerus
940 2492 1128 2563 edita
1162 2492 1551 2563 Ratihoriae
1589 2514 1650 2562 a.
1690 2495 1908 2564 4836..
1983 2493 2135 2592 Alia
2185 2495 2430 2566 horum
2470 2517 2630 2588 pars
2668 2496 3064 2566 continetur

696 2594 928 2665 XXIII.
962 2618 1028 2666 v.
1067 2595 1491 2669 629-642,
1551 2596 1854 2689 Utraque
1891 2596 2139 2691 insigni
2169 2599 2490 2693 exemplo
2518 2607 2856 2670 monstrat
2882 2621 3063 2691 quo-

695 2698 906 2769 modo
953 2700 1197 2770 alienis
1233 2708 1305 2768 et
1339 2700 1445 2771 usi
1479 2709 1552 2770 et
1584 2701 1784 2772 abusi
1833 2701 1969 2772 sint
2016 2712 2269 2794 poetae
2318 2703 2526 2773 etiam
2576 2703 3055 2794 antiquissimi.

694 2801 772 2869 ln
805 2811 1095 2894 utraque
1122 2824 1351 2873 sermo
1379 2814 1486 2874 est
1516 2803 1608 2875 de
1634 2803 2054 2889 MolionidiS,
2092 2806 2184 2877 de
2219 2806 2469 2899 quibus
2503 2828 2684 2899 quae
2712 2806 3062 2878 Hesiodus

696 2904 1042 2975 rettulisse
1089 2906 1374 2991 dicitur,
1428 2906 1595 2977 nihil
1644 2917 1805 2979 sunt
1850 2908 2036 2979 aliud
2081 2931 2290 3001 quam
2324 2920 2717 2981 commenta
2751 2929 2843 2980 ex
2876 2912 3064 2981 male

695 3006 1057 3079 intellectis
1092 3009 1346 3080 veteris
1382 3019 1632 3103 poetae
1667 3010 1900 3082 verbis
1938 3010 2206 3083 hausta.
2260 3013 2433 3083 Nam
2467 3035 2679 3104 quum
2716 3014 3061 3085 Homerus

695 3131 870 3201 quos
918 3111 1104 3182 Iliad.
1136 3114 1247 3182 XI.
1285 3112 1453 3184 709.
1492 3112 1852 3202 Μολίονε,
1898 3114 2131 3185 ΧΧΙΙΙ.
2169 3118 2335 3187 638.
2370 3125 2603 3187 autem
2634 3115 3060 3211 Ἀκτορίωνε

693 3222 924 3297 vocat,
945 3215 1057 3284 XI.
1084 3215 1250 3285 750.
1284 3217 1655 3288 coniuncto
1685 3227 1975 3310 utroque
2002 3219 2280 3289 nomine
2302 3217 2721 3314 Ἀκτορίωνε
2732 3218 3061 3290 Μολίονε

694 3315 968 3401 dixerit,
1007 3318 1352 3390 Hesiodus
1396 3329 1688 3390 matrem
1737 3320 1820 3391 iis
1866 3321 2077 3392 fuisse
2120 3321 2417 3392 credidit
2452 3322 2826 3405 Molionen,
2864 3322 3058 3413 quod

692 3440 946 3489 nomen
999 3419 1069 3488 in
1115 3419 1464 3513 Apollonii
1512 3423 1741 3493 lexico
1785 3434 1856 3494 et
1902 3424 2089 3517 apud
2139 3424 2545 3496 Pausaniam
2594 3426 2674 3495 V.
2717 3426 2787 3509 2,
2828 3425 2898 3498 2.
2942 3426 3058 3497 bis

693 3522 844 3593 sine
894 3522 1222 3594 librorum
1273 3523 1765 3619 discrepantia,
1820 3536 1890 3597 et
1925 3527 2087 3597 VIII.
2127 3526 2243 3613 44,
2285 3530 2352 3599 9.
2387 3528 2508 3601 uhi
2558 3549 2736 3604 unus
2784 3537 3056 3599 tantum

693 3624 923 3696 codex
949 3647 1105 3698 cum
1134 3627 1485 3720 impressis
1501 3626 1872 3725 Μολιόνης
1897 3629 2131 3715 hahet,
2155 3631 2474 3728 Μολίνη,
2506 3632 2633 3703 sed
2658 3652 3051 3725 perperam,

692 3728 1021 3823 scriptum
1057 3740 1184 3800 est.
1260 3731 1559 3802 Molione
1597 3730 1781 3802 dicta
1817 3743 1926 3803 est
1959 3734 2049 3804 ab
2085 3734 2318 3825 lbyc0,
2353 3733 2803 3828 Apollodoro,
2841 3735 3055 3807 scho-

692 3832 903 3904 liastis
957 3833 1233 3904 Homeri
1280 3833 1369 3905 ad
1420 3836 1533 3905 XI
1569 3837 1737 3906 709.
1795 3835 2070 3908 Pindari
2124 3836 2213 3906 ad
2256 3837 2358 3908 Ol.
2391 3839 2476 3908 X.
2509 3840 2628 3912 28.
2661 3839 2779 3909 29.
2818 3837 3052 3933 Atque

689 3932 1152 4028 Apollodorus
1202 3938 1277 4008 II.
1331 3938 1401 4022 7,
1444 3939 1513 4011 2.
1558 3939 1627 4011 2.
1670 3961 1736 4031 p.
1775 3940 1948 4011 240.
1994 3940 2088 4011 ita
2139 3940 2407 4011 scribit.
2465 3943 2703 4019 παῖδες
2749 3941 2824 4013 δὲ
2870 3936 3054 4038 ἦσαν

688 4036 1070 4164 Μολιόνης
1103 4039 1219 4111 καὶ
1243 4039 1612 4136 unoque,
1667 4042 1977 4131 ἐλέγοντο
2026 4044 2098 4115 δὲ
2132 4045 2606 4122 Ποσειδῶνος
2650 4044 2929 4139 ’Ἁκτωρ
2977 4045 3053 4117 δὲ

689 4138 977 4232 ἀδελφὸς
1026 4136 1113 4236 ἦν
1145 4144 1455 4232 Αὐγέου.
1551 4143 2015 4216 Vehementer
2072 4147 2308 4219 torsit
2325 4147 2812 4240 grammaticos
2880 4148 3050 4220 illud

681 4240 1100 4337 Ἀκτορίωνε
1127 4244 1473 4317 Μολίονε.
1531 4245 1990 4340 Apollonius
1972 4272 2046 4320 m
2080 4251 2308 4322 lexico
2346 4274 2408 4344 p.
2448 4253 2617 4335 443,
2648 4251 2766 4323 24.
2807 4250 3045 4323 Μολί-

686 4367 866 4464 ονες,
919 4346 1284 4467 flammi,-
1315 4347 1455 4419 ἀπὸ
1506 4350 1635 4444 τῆς
1679 4350 1858 4422 κατὰ
1908 4351 2144 4450 μάχην
2191 4355 2564 4450 γενομένης
2608 4350 2964 4449 μολήοεως
2998 4353 3046 4449 ἢ

685 4441 825 4516 ἀπὸ
858 4444 988 4516 τοῦ
1028 4448 1323 4535 συνεχῶς
1342 4449 1697 4541 μολίσκειν
1722 4454 1820 4531 εἰς
1844 4452 2105 4552 μάχην·
2150 4454 2289 4526 ἀπὸ
2323 4454 2455 4552 γὰρ
2490 4454 2776 4583 μητρὸς
2793 4456 3049 4528 ουδένα

684 4545 1008 4641 σημαίνει
1042 4548 1376 4645 Ὄμηρος.
1447 4552 1778 4632 Ἡσίοδος
1825 4556 1898 4628 δὲ
1946 4559 2037 4636 ὠς
2062 4556 2390 4654 Μολίνης
2435 4560 2631 4635 υἱοὺς
2673 4555 3049 4647 γεγονότας
