3328 5326
1016 401 1240 465 ARTIS
1273 402 1601 464 TYPOGR.
2375 402 2486 463 45⁴

116 593 312 684 regis
366 593 682 688 imperio,
739 594 849 666 cui
886 594 1077 686 quod
1112 603 1376 665 metuat
1411 593 1580 663 nihil
1615 592 1932 676 habenti,
1983 591 2217 662 omnia
2268 603 2499 664 autem

110 697 381 788 quibus
419 695 748 781 confidat,
787 697 1097 782 unicum,
1147 697 1275 769 sed
1313 697 1560 790 quovis
1599 697 1737 767 alio
1778 694 2038 766 firmius
2074 696 2499 789 praesidium

123 810 237 870 est
275 821 471 872 amor
507 801 761 895 populi.
836 801 1060 873 Metus
1096 823 1223 894 per
1260 823 1336 872 se
1373 801 1522 894 ipse
1559 821 1699 871 non
1741 800 1963 870 solum
2003 798 2329 885 audaceS,
2370 801 2498 872 sed

121 903 340 974 etiam
387 904 666 975 timidos
721 904 811 975 ad
863 904 1440 976 detrectationem
1475 903 1916 974 obedientiae
1955 913 2324 995 provocat:
2382 906 2500 996 qui

102 1007 178 1077 si
240 1007 454 1077 etiam
511 1006 892 1092 sentiendi,
960 1008 1277 1092 dicendi,
1344 1006 1697 1078 scribendi
1750 1006 2138 1076 libertatem
2195 1017 2495 1086 coercet,

3 1177 4 1180 ,
115 1110 655 1182 acerbissimum
681 1111 926 1182 animis
945 1112 1135 1182 virus
1154 1111 1461 1195 instillat,
1482 1110 1672 1203 quod
1693 1131 1831 1203 quo
1851 1109 2101 1180 lentius
2131 1110 2199 1179 in
2226 1111 2500 1181 occulto

3 1281 4 1286 ,
118 1214 428 1299 acescit,
496 1235 584 1285 eo
627 1214 1149 1285 vehementiore
1202 1214 1486 1285 tandem
1535 1215 1797 1307 impetu
1846 1225 2052 1305 atque
2103 1214 2501 1285 exitiosiore

3 1349 4 1390 2
117 1318 450 1412 erumpit.
510 1318 811 1402 Frustra,
851 1339 1031 1410 quae
1068 1318 1221 1410 quis
1251 1319 1385 1410 legi
1415 1339 1455 1387 a
1484 1318 1741 1412 populo
1770 1317 1963 1400 nolit,
1995 1316 2271 1387 excidat
2299 1317 2505 1387 char-

117 1421 216 1490 tis
257 1431 378 1492 aut
416 1419 800 1492 atramento
839 1420 1124 1492 inducto
1164 1422 1383 1493 oculis
1421 1421 1814 1491 subtrahat:
1871 1442 2035 1490 nam
2072 1421 2279 1490 etiam
2319 1420 2505 1513 apud

111 1524 428 1595 hebetes
464 1533 535 1596 et
571 1525 884 1619 stupidos
919 1525 1145 1617 gliscit
1195 1525 1496 1619 suspicio
1543 1526 1867 1616 acuitque
1910 1533 2214 1607 meuteS,
2270 1535 2340 1595 et
2385 1523 2504 1616 qui

3 1665 8 1706 ;
112 1627 621 1721 prudentiores
658 1637 774 1699 aut
810 1629 1209 1720 sagaciores
1245 1639 1441 1713 sunt,
1480 1629 1685 1698 facile
1720 1627 1871 1697 vias
1907 1628 2313 1719 exquirunt,
2353 1626 2506 1719 qui-
2524 1651 2624 1712 με»

118 1733 268 1801 bus
306 1731 530 1801 celata
566 1732 1025 1825 comperiant,
1065 1753 1244 1824 quae
1284 1754 1368 1802 eo
1408 1731 1726 1826 cupidius
1765 1730 2128 1823 arripiunt,
2169 1732 2331 1822 quia
2366 1752 2507 1800 non

107 1835 285 1905 sine
326 1856 574 1906 caussa
614 1836 823 1905 celari
860 1836 1267 1927 intelligunt.
1351 1835 1628 1906 Frustra
1680 1835 2068 1928 praefracte
2107 1844 2381 1905 vetatur
2418 1834 2508 1905 de

5 1994 10 1999 ,
119 1938 555 2030 quibusdam
600 1938 811 2009 rebus
857 1939 1108 2008 scribi:
1167 1961 1327 2009 nam
1382 1962 1595 2031 quum
1640 1937 1969 2008 credatur
2019 1938 2373 2009 formidari
2420 1960 2510 2008 ne

121 2061 307 2111 vera
357 2042 824 2125 innotescant,
879 2064 1044 2112 vera
1101 2041 1213 2113 illa
1265 2064 1404 2113 non
1458 2042 1642 2113 bona
1694 2063 1851 2112 esse
1906 2052 2250 2134 putantur.
2338 2042 2511 2112 Hinc

124 2145 589 2215 etiamsinon
627 2147 857 2239 palam
894 2156 1445 2237 cognoscuntur,
1500 2156 1770 2229 tamen,
1824 2166 1964 2236 quo
2016 2146 2235 2237 magis
2287 2146 2513 2238 ipsum

3 2335 6 2336 ᾗ
118 2248 490 2319 silentium
526 2250 780 2319 clamat
815 2270 972 2319 esse
1009 2248 1198 2342 quod
1235 2271 1375 2319 non
1413 2249 1500 2319 sit
1537 2248 2126 2341 cognoscendum,
2167 2270 2253 2318 eo
2285 2258 2515 2319 atten-

3 2421 4 2428 ,
118 2353 271 2423 tior
310 2351 626 2423 redditur
662 2352 989 2445 suspicio,
1029 2363 1374 2444 augetque
1412 2363 1621 2444 atque
1661 2353 1729 2421 in
1758 2352 2035 2444 gravius
2065 2353 2293 2438 vertit,
2325 2351 2517 2445 quod

8 2544 11 2547 y
123 2464 384 2547 aperte
422 2455 683 2527 dictum
732 2445 1079 2526 neminem
1123 2476 1550 2550 magnopere
1603 2456 2118 2526 commovisset.
2202 2457 2279 2525 ln
2326 2466 2517 2526 tanto

131 2559 544 2630 discrimine
595 2560 923 2651 quoniam
988 2559 1108 2630 alii
1157 2581 1297 2630 non
1350 2560 1659 2630 coerceri
1722 2558 2074 2630 scribendi
2127 2560 2519 2630 libertatem

131 2663 400 2748 volunt,
440 2661 553 2732 alii
589 2673 822 2735 autem
857 2663 1321 2735 coercendam
1351 2685 1507 2735 esse
1536 2666 1832 2734 maxime
1864 2674 2177 2749 censent,
2214 2665 2519 2735 omnium

130 2789 328 2861 pene
363 2766 658 2837 vocibus
686 2768 804 2838 lex
831 2767 1196 2860 flagitatur,
1227 2789 1406 2860 quae
1436 2768 1747 2860 utrisque
1775 2768 2185 2838 satisfaciat:
2230 2768 2515 2839 frustra:

3 2962 8 2967 ,
122 2892 309 2941 nam
348 2870 536 2962 quod
573 2871 942 2962 aequitatis
980 2881 1050 2940 et
1086 2871 1496 2964 prudentiae
1535 2881 1673 2956 est,
1721 2882 1969 2941 natura
2007 2893 2131 2941 sua
2169 2871 2396 2963 legem
2435 2872 2521 2940 ab
2627 2894 2630 2897 ’

116 2996 211 3046 se
252 2974 541 3067 spernit,
583 2982 681 3058 ut,
722 2975 779 3044 si
820 2983 1049 3044 tamen
1086 2975 1204 3044 lex
1242 2975 1523 3057 feratur,
1565 2995 1650 3043 ea
1687 2995 1811 3067 per
1840 2996 1917 3043 se
1944 2974 2134 3043 irrita
2163 2973 2273 3057 sit,
2305 2975 2525 3043 viam-

122 3099 285 3171 que
323 3097 466 3147 non
502 3076 792 3171 parendi
827 3086 1362 3169 praemonstret:
1420 3076 1806 3148 cuiusmodi
1850 3085 1958 3146 est
2001 3075 2191 3168 quod
2227 3075 2510 3167 quidam

3 3254 6 3259 .
118 3190 555 3265 suaserunt,
610 3192 683 3251 ut
715 3201 1043 3252 numerus
1079 3179 1473 3251 chartarum
1509 3201 1636 3272 pro
1674 3201 1917 3249 norma
1953 3179 2509 3263 constitueretur,

128 3296 383 3356 utrum
434 3284 600 3376 quid
653 3305 877 3355 necne
928 3283 1386 3355 subiiceretur
1436 3282 1692 3354 iudicio
1746 3284 2089 3354 censoris:
2146 3284 2343 3375 quasi
2399 3292 2517 3353 aut

124 3388 452 3481 scriptor
498 3389 677 3461 ullus
730 3398 867 3458 tam
916 3408 1161 3458 excors
1198 3389 1465 3459 futurus
1513 3387 1632 3472 sit,
1682 3397 1801 3457 aut
1836 3388 2012 3458 ullus
2050 3386 2522 3480 typographus

128 3493 249 3563 vel
308 3491 630 3562 librarius
676 3502 816 3562 tam
872 3492 1037 3561 artis
1089 3512 1256 3563 suae
1321 3491 1720 3584 negotiique
1772 3490 2163 3583 imperituS,
2231 3490 2350 3582 qui
2399 3511 2545 3559 non

126 3594 619 3666 contrahendi
665 3595 928 3700 scripta
964 3595 1075 3665 vel
1128 3594 1460 3666 dilatandi
1514 3594 1763 3666 multos
1813 3594 2062 3665 modos
2100 3596 2170 3663 in
2206 3603 2530 3687 promptu

130 3699 433 3782 habeat,
474 3700 878 3790 lucrumque
914 3718 1055 3768 non
1092 3699 1568 3791 magnitudine
1606 3698 1833 3791 pretii,
1873 3698 2000 3769 sed
2037 3719 2327 3770 numero
2356 3719 2531 3767 ven-

132 3804 459 3874 ditorum
488 3802 988 3895 exemplarium
1017 3812 1421 3895 computare
1453 3802 1793 3873 didicerit.
1837 3801 2109 3895 Optime
2139 3801 2531 3872 consultum

112 3917 256 3977 est
295 3905 582 3989 civitati,
623 3926 802 3998 quae
839 3926 1047 3997 quam
1084 3906 1535 3999 paucissimas
1572 3907 1790 3999 legeS,
1830 3926 2087 3997 easque
2124 3927 2333 3997 quam
2368 3905 2533 3974 bre-

141 4009 476 4081 vissimas
513 4018 583 4079 et
619 4009 1051 4102 planissimas
1078 4008 1324 4080 habet:
1365 4020 1603 4080 nostra
1628 4031 1802 4080 vero
1832 4020 2048 4093 aetaS,
2080 4010 2312 4079 omnia
2340 4018 2533 4078 recte

132 4136 228 4184 se
267 4113 535 4183 habere
571 4122 750 4197 rata,
790 4113 847 4182 si
885 4113 1092 4182 etiam
1127 4113 1582 4184 minutissima
1616 4134 1937 4206 quaeque
1975 4113 2044 4181 in
2084 4112 2333 4182 tabulis
2373 4133 2536 4205 per-

128 4217 419 4309 scripta
454 4216 611 4301 sint,
650 4226 791 4286 tam
827 4217 1026 4286 ferax
1061 4226 1169 4287 est
1204 4217 1471 4310 legum,
1525 4227 1601 4287 ut
1643 4238 1785 4286 non
1842 4217 2063 4287 solum
2099 4217 2315 4286 multa
2354 4237 2534 4309 quae

128 4329 410 4415 sponte
447 4329 518 4390 et
553 4321 704 4390 sine
740 4322 894 4412 lege
933 4318 1104 4391 fiunt
1139 4319 1688 4414 praecipiantur,
1740 4320 1867 4391 sed
1921 4320 2290 4391 iubeantur
2327 4321 2537 4390 etiam

122 4446 300 4495 non
339 4443 561 4517 pauca
596 4446 776 4517 quae
812 4422 963 4492 fieri
996 4435 1390 4516 nequeunt,
1445 4445 1672 4516 eoque
1727 4434 1844 4495 aut
1892 4426 2121 4517 palam
2173 4445 2314 4494 non
2364 4423 2539 4495 fiunt

118 4536 278 4600 aut
342 4528 747 4599 simulantur
810 4525 991 4597 fieri:
1059 4548 1151 4596 ex
1215 4550 1353 4620 quo
1415 4529 1724 4599 nascitur
1785 4530 2019 4620 legum
2084 4529 2535 4620 contemptio,

121 4652 543 4723 eorumque
597 4632 711 4724 qui
768 4632 996 4702 ferunt
1050 4633 1238 4723 leges
1291 4631 1551 4715 irrisio,
1621 4641 1974 4725 postremo
2034 4642 2267 4702 autem
2331 4630 2540 4700 totius

1991 4749 2127 4811 Dd2
