3328 5326
363 1366 526 1480 DE
621 1354 1139 1481 HESIODI
1232 1359 2031 1483 THEOGONIAE
2125 1369 2555 1485 FORMA

945 1540 1962 1659 ANTIQUISSIMA.)

60 1656 63 1751 ’ξ
2227 1676 2264 1695 Ε...ι

1306 1822 1615 1829 ————.—.-.

480 2012 679 2094 Quae
716 2012 1081 2083 multarum
1116 2011 1439 2103 gentium,
1463 2010 1802 2082 habemus
1829 2012 2235 2104 antiquissin
2287 2042 2296 2073 ε
2343 2040 2638 2081 viimam
2669 2042 2760 2085 aa

292 2113 741 2207 epicamultis
777 2113 1001 2185 modis
1039 2122 1328 2198 mutata,
1370 2113 1668 2198 variata,
1708 2114 2125 2208 interpolata
2169 2120 2252 2183 ai!
2313 2146 2346 2181 ι-
2387 2144 2436 2181 ,ς
2489 2140 2644 2207 {⁸³¹²

290 2218 545 2288 venisse
598 2218 694 2289 ita
743 2218 954 2289 hodie
1001 2210 1305 2301 constat,
1359 2227 1434 2287 ut
1469 2217 1696 2289 nullus
1732 2218 1823 2288 sit
1855 2218 2262 2305 dubitatiom
2307 2230 2628 2287 lii-*umc-

292 2320 497 2391 lictus.
572 2322 675 2393 Ea
723 2342 803 2392 re
849 2322 1189 2414 patefacta
1246 2329 1354 2391 est
1400 2342 1576 2391 nova
1627 2320 2162 2415 eaque-duplex
2198 2344 2322 2392 am
2363 2324 2640 2391 waleno

293 2424 425 2509 via,
451 2447 611 2510 una,
650 2434 747 2509 ut,
781 2423 1098 2516 quamvis
1126 2424 1547 2495 dissentiens
1573 2426 1869 2495 formam
1899 2424 2224 2495 exhibeat
2257 2447 2432 2505 eain,
2465 2450 2642 2517 quae

285 2528 370 2597 sit
415 2528 745 2600 librorum
796 2526 935 2599 fide
987 2538 1057 2597 et
1104 2538 1421 2598 veterum
1473 2529 1956 2619 magistrorum
2012 2528 2281 2622 placitis
2336 2528 2639 2607 firmata;

289 2631 526 2717 altera,
564 2640 642 2703 ut
679 2630 1016 2704 distinctis
1053 2653 1234 2723 quae
1268 2652 1500 2725 neque
1537 2632 1695 2702 aevi
1732 2631 2045 2704 eiusdem
2082 2653 2310 2724 neque
2349 2632 2644 2704 bominis

288 2756 407 2806 nec
444 2735 848 2829 disciplinae
888 2757 1046 2806 esse
1080 2735 1483 2819 videantur,
1530 2735 1888 2828 pristinam
1937 2736 2300 2810 restituere
2354 2741 2642 2806 formam

286 2849 585 2911 conetur.
661 2839 749 2908 Et
794 2839 929 2910 hoc
973 2837 1257 2932 quidem
1294 2838 1424 2910 etsi
1463 2841 1609 2912 fere
1647 2838 1997 2909 difficilius
2034 2849 2176 2924 est,
2219 2851 2446 2908 tamen
2487 2855 2638 2910 sunl

286 2941 349 3010 in
381 2942 513 3014 hoc
549 2964 846 3035 genere,
885 2964 1066 3036 quae
1103 2941 1193 3012 ad
1229 2963 1566 3015 summam
1611 2943 1879 3034 possint
1925 2943 2476 3034 probabilitatem
2518 2944 2644 3013 aab
2706 2997 2713 3008 .

288 3045 456 3117 duci.
486 3086 491 3091 -
533 3046 894 3117 Eiusmodi
933 3056 1041 3116 est
1076 3044 1245 3116 illud
1280 3045 1754 3138 Gruppianum
1789 3045 1858 3114 in
1896 3043 2181 3117 Hesiodi
2221 3047 2640 3138 liniamenta,

287 3150 461 3241 quod
500 3172 563 3221 a.
601 3151 792 3221 4837
836 3149 906 3219 in
941 3149 1288 3242 publicam
1334 3148 1645 3222 notitiam
1682 3149 2013 3241 produxit
2047 3148 2404 3242 Adolplms
2446 3154 2643 3219 Soet-

285 3252 465 3340 beer,
505 3254 657 3348 ipse
694 3263 922 3328 autem
953 3252 1320 3345 GruppiuS,
1360 3255 1504 3324 fato
1541 3251 1806 3338 consul,
1847 3252 2304 3324 inveniendo
2291 3276 2399 3342 3312}
2437 3277 2526 3345 qn
2534 3277 2642 3322 un

287 3356 574 3428 inventis
619 3356 881 3430 utendo
931 3356 1231 3440 felicior,
1272 3377 1332 3448 a.
1370 3354 1557 3427 4844
1605 3365 1869 3426 temere
1912 3357 2236 3473 corrupit.
2313 3358 2645 3427 &insuad-

286 3471 578 3532 verterat
628 3461 776 3531 fere
837 3460 1087 3553 quinos
1139 3481 1384 3532 versus
1445 3459 1627 3531 illius
1682 3460 2004 3529 carminis
2067 3482 2208 3531 uno
2273 3482 2450 3553 com
2440 3464 2644 3531 ilexu

282 3565 649 3649 contineri,
705 3585 934 3657 eoque
985 3564 1225 3635 nescio
1272 3562 1463 3657 quod
1507 3584 1730 3656 genus
1779 3563 2012 3655 poesis
2061 3563 2436 3636 hieraticae
2477 3587 2642 3634 ron-

60 3737 61 3760 ,
284 3666 501 3754 finxit,
540 3667 729 3761 quod
768 3677 875 3738 est
912 3690 951 3738 a
989 3668 1310 3739 carminis
1353 3667 1531 3738 illius
1567 3667 1836 3737 ratione
1873 3667 2387 3739 alienissimum.
2464 3668 2640 3735 Niiiil

277 3771 453 3842 enim
504 3773 572 3842 in
624 3793 712 3842 eo
764 3781 902 3856 est,
956 3771 1145 3863 quod
1198 3771 1287 3842 ad
1339 3773 1597 3843 cultum
1648 3770 2316 3863 sanctimoniamque
2354 3769 2642 3840 deorum

282 3885 563 3968 spectet,
601 3875 753 3960 sed,
792 3876 944 3947 sive
983 3875 1325 3946 intellexit
1360 3875 1509 3945 sive
1546 3896 1689 3946 non
1725 3875 2063 3945 intellexit
2097 3871 2441 3943 Hesiodus
2477 3875 2640 3966 quid

282 3979 522 4050 fabulis
558 4000 730 4071 quas
767 3988 1003 4049 narrat
1036 3979 1535 4064 contineretur,
1566 3988 1759 4050 recte
1788 3977 2117 4050 iudicavit
2144 3976 2475 4066 Zen0,‚de
2504 3999 2643 4069 quo

289 4080 518 4154 Cicero
554 4084 601 4152 Ι.
642 4082 760 4153 44.
795 4082 884 4153 de
923 4082 1005 4151 N.
1036 4083 1093 4151 D
1132 4083 1233 4153 sic
1270 4083 1544 4154 scribit:
1584 4103 1832 4174 »quum
1863 4079 2146 4154 Hesiodi
2175 4079 2641 4173 Theogoniam

282 4183 787 4280 interpretatur,
824 4185 1000 4258 tollit
1035 4186 1317 4258 omnino
1354 4186 1593 4256 insitas
1629 4194 2180 4278 praeceptasque
2212 4184 2642 4276 cognitiones

283 4287 601 4362 deorum:
652 4311 882 4383 neque
926 4288 1114 4360 enim
1152 4290 1390 4360 lovem
1433 4310 1663 4382 neque
1715 4289 2046 4378 Iunonem
2097 4309 2326 4381 neque
2364 4288 2640 4360 Vestam

283 4413 498 4486 neque
527 4414 946 4487 quemquam
972 4393 1092 4486 qui
1119 4393 1214 4466 ita
1240 4394 1628 4485 appellatur
1655 4393 1729 4462 in
1753 4391 2054 4483 deorum,
2081 4392 2295 4466 habet
2324 4411 2637 4474 numero,

439 4612 493 4696 ³¹⁶)
533 4612 715 4676 Edita
745 4623 838 4676 est
867 4633 924 4676 a.
967 4615 1154 4675 4844.
