<?xml version="1.0" encoding="UTF-8"?>
<!DOCTYPE html PUBLIC "-//W3C//DTD XHTML 1.0 Transitional//EN"
    "http://www.w3.org/TR/xhtml1/DTD/xhtml1-transitional.dtd">
<html xmlns="http://www.w3.org/1999/xhtml" xml:lang="en" lang="en">
 <head>
  <title>
</title>
<meta http-equiv="Content-Type" content="text/html;charset=utf-8" />
  <meta name='ocr-system' content='tesseract 3.04.00' />
  <meta name='ocr-capabilities' content='ocr_page ocr_carea ocr_par ocr_line ocrx_word'/>
</head>
<body>
  <div class='ocr_page' id='page_1' title='image "./godofrediherman02hermgoog/godofrediherman02hermgoog_0136.png"; bbox 0 0 3328 5326; ppageno 0'>
   <div class='ocr_carea' id='block_1_1' title="bbox 670 345 2053 409">
    <p class='ocr_par' dir='ltr' id='par_1_1' title="bbox 670 345 2053 409">
     <span class='ocr_line' id='line_1_1' title="bbox 670 345 2053 409; baseline 0.003 -4"><span class='ocrx_word' id='word_1_1' title='bbox 670 347 693 404; x_wconf 76' lang='lat'>⁴</span> <span class='ocrx_word' id='word_1_2' title='bbox 714 346 791 406; x_wconf 71' lang='lat'><strong>⁴8</strong></span> <span class='ocrx_word' id='word_1_3' title='bbox 1651 345 2053 409; x_wconf 74' lang='lat' dir='ltr'><strong>PlNDARUS.</strong></span> 
     </span>
    </p>
   </div>
   <div class='ocr_carea' id='block_1_2' title="bbox 510 536 3139 4667">
    <p class='ocr_par' dir='ltr' id='par_1_2' title="bbox 510 536 3139 4667">
     <span class='ocr_line' id='line_1_2' title="bbox 663 536 3046 633; baseline 0 -23"><span class='ocrx_word' id='word_1_4' title='bbox 663 536 823 610; x_wconf 88' lang='lat' dir='ltr'><strong>dem</strong></span> <span class='ocrx_word' id='word_1_5' title='bbox 855 537 1152 608; x_wconf 80' lang='lat' dir='ltr'>arbitror</span> <span class='ocrx_word' id='word_1_6' title='bbox 1177 559 1320 610; x_wconf 89' lang='lat' dir='ltr'><strong>non</strong></span> <span class='ocrx_word' id='word_1_7' title='bbox 1340 537 1552 631; x_wconf 88' lang='lat' dir='ltr'><strong>pleni,</strong></span> <span class='ocrx_word' id='word_1_8' title='bbox 1582 537 1655 608; x_wconf 89' lang='lat' dir='ltr'><strong>in</strong></span> <span class='ocrx_word' id='word_1_9' title='bbox 1682 538 1885 609; x_wconf 86' lang='lat' dir='ltr'><strong>tertia</strong></span> <span class='ocrx_word' id='word_1_10' title='bbox 1914 538 2180 633; x_wconf 88' lang='lat' dir='ltr'><strong>epodo:</strong></span> <span class='ocrx_word' id='word_1_11' title='bbox 2210 560 2375 611; x_wconf 88' lang='lat' dir='ltr'><strong>nam</strong></span> <span class='ocrx_word' id='word_1_12' title='bbox 2402 538 2730 611; x_wconf 89' lang='lat' dir='ltr'><strong>addenda</strong></span> <span class='ocrx_word' id='word_1_13' title='bbox 2756 538 2818 611; x_wconf 87' lang='lat' dir='ltr'><strong>ei</strong></span> <span class='ocrx_word' id='word_1_14' title='bbox 2848 539 3046 611; x_wconf 84' lang='lat' dir='ltr'><strong>vide-</strong></span> 
     </span>
     <span class='ocr_line' id='line_1_3' title="bbox 664 641 2120 735; baseline 0.001 -24"><span class='ocrx_word' id='word_1_15' title='bbox 664 650 775 711; x_wconf 90' lang='lat' dir='ltr'><strong>tur</strong></span> <span class='ocrx_word' id='word_1_16' title='bbox 807 662 970 735; x_wconf 90' lang='lat' dir='ltr'><strong>pars</strong></span> <span class='ocrx_word' id='word_1_17' title='bbox 1006 642 1360 733; x_wconf 91' lang='lat' dir='ltr'><strong>sequentis</strong></span> <span class='ocrx_word' id='word_1_18' title='bbox 1395 662 1660 727; x_wconf 82' lang='lat' dir='ltr'><strong>versuS‚</strong></span> <span class='ocrx_word' id='word_1_19' title='bbox 1699 641 1838 713; x_wconf 94' lang='lat' dir='ltr'><strong>hoc</strong></span> <span class='ocrx_word' id='word_1_20' title='bbox 1873 642 2120 714; x_wconf 88' lang='lat' dir='ltr'><strong>modo:</strong></span> 
     </span>
     <span class='ocr_line' id='line_1_4' title="bbox 768 743 3045 842; baseline 0 -27"><span class='ocrx_word' id='word_1_21' title='bbox 768 747 853 815; x_wconf 83' lang='grc' dir='ltr'><strong>οὐ</strong></span> <span class='ocrx_word' id='word_1_22' title='bbox 930 743 1186 816; x_wconf 87' lang='grc' dir='ltr'><strong><em>πολλὸν</em></strong></span> <span class='ocrx_word' id='word_1_23' title='bbox 1257 746 1353 815; x_wconf 58' lang='lat' dir='ltr'><strong>&amp;s</strong></span> <span class='ocrx_word' id='word_1_24' title='bbox 1418 743 1729 841; x_wconf 79' lang='grc' dir='ltr'><em>πατρίδα</em></span> <span class='ocrx_word' id='word_1_25' title='bbox 1802 748 2275 818; x_wconf 66' lang='grc' dir='ltr'><strong><em>πολυκτέανον</em></strong></span> <span class='ocrx_word' id='word_1_26' title='bbox 2347 744 2486 817; x_wconf 84' lang='grc' dir='ltr'><strong>ὑπὸ</strong></span> <span class='ocrx_word' id='word_1_27' title='bbox 2550 746 2805 841; x_wconf 78' lang='grc' dir='ltr'><em>στερεῷ</em></span> <span class='ocrx_word' id='word_1_28' title='bbox 2867 746 3045 842; x_wconf 83' lang='grc' dir='ltr'><em>πυρὶ</em></span> 
     </span>
     <span class='ocr_line' id='line_1_5' title="bbox 2108 847 2868 945; baseline 0.001 -26"><span class='ocrx_word' id='word_1_29' title='bbox 2108 854 2400 939; x_wconf 81' lang='grc' dir='ltr'><strong><em>πλαγαῖς</em></strong></span> <span class='ocrx_word' id='word_1_30' title='bbox 2429 876 2512 920; x_wconf 79' lang='grc' dir='ltr'><em>τε</em></span> <span class='ocrx_word' id='word_1_31' title='bbox 2549 847 2868 945; x_wconf 77' lang='grc' dir='ltr'><em>σιδάρου.</em></span> 
     </span>
     <span class='ocr_line' id='line_1_6' title="bbox 664 949 3048 1046; baseline 0.001 -26"><span class='ocrx_word' id='word_1_32' title='bbox 664 949 1018 1023; x_wconf 81' lang='lat' dir='ltr'>Creditum</span> <span class='ocrx_word' id='word_1_33' title='bbox 1069 962 1177 1022; x_wconf 84' lang='lat' dir='ltr'><strong>est</strong></span> <span class='ocrx_word' id='word_1_34' title='bbox 1223 955 1695 1026; x_wconf 73' lang='grc' dir='ltr'><strong><em>πολυκτέανον</em></strong></span> <span class='ocrx_word' id='word_1_35' title='bbox 1744 962 2071 1046; x_wconf 86' lang='lat' dir='ltr'><strong>quattuor</strong></span> <span class='ocrx_word' id='word_1_36' title='bbox 2119 951 2403 1045; x_wconf 79' lang='lat' dir='ltr'>syllabis</span> <span class='ocrx_word' id='word_1_37' title='bbox 2450 952 3048 1046; x_wconf 78' lang='lat' dir='ltr'><strong>pronuntiandum</strong></span> 
     </span>
     <span class='ocr_line' id='line_1_7' title="bbox 663 1054 3053 1152; baseline 0 -26"><span class='ocrx_word' id='word_1_38' title='bbox 663 1076 860 1140; x_wconf 89' lang='lat' dir='ltr'><strong>esse,</strong></span> <span class='ocrx_word' id='word_1_39' title='bbox 911 1075 996 1124; x_wconf 90' lang='lat' dir='ltr'><strong>ea</strong></span> <span class='ocrx_word' id='word_1_40' title='bbox 1054 1076 1197 1126; x_wconf 87' lang='lat' dir='ltr'><strong>vox</strong></span> <span class='ocrx_word' id='word_1_41' title='bbox 1246 1064 1322 1126; x_wconf 89' lang='lat' dir='ltr'><strong>ut</strong></span> <span class='ocrx_word' id='word_1_42' title='bbox 1369 1064 1559 1126; x_wconf 89' lang='lat' dir='ltr'><strong>esset</strong></span> <span class='ocrx_word' id='word_1_43' title='bbox 1593 1055 2039 1149; x_wconf 76' lang='lat' dir='ltr'><strong>antispastus,</strong></span> <span class='ocrx_word' id='word_1_44' title='bbox 2111 1054 2202 1126; x_wconf 90' lang='lat' dir='ltr'><strong>At</strong></span> <span class='ocrx_word' id='word_1_45' title='bbox 2237 1077 2364 1128; x_wconf 89' lang='lat' dir='ltr'><strong>cur</strong></span> <span class='ocrx_word' id='word_1_46' title='bbox 2398 1057 2877 1152; x_wconf 76' lang='lat' dir='ltr'>synaloephen</span> <span class='ocrx_word' id='word_1_47' title='bbox 2916 1056 3053 1128; x_wconf 88' lang='lat' dir='ltr'><strong>ad-</strong></span> 
     </span>
     <span class='ocr_line' id='line_1_8' title="bbox 661 1157 3056 1256; baseline 0.001 -28"><span class='ocrx_word' id='word_1_48' title='bbox 661 1158 965 1229; x_wconf 79' lang='lat' dir='ltr'><strong>misisset</strong></span> <span class='ocrx_word' id='word_1_49' title='bbox 990 1157 1350 1243; x_wconf 84' lang='lat' dir='ltr'><strong>PindaruS‚</strong></span> <span class='ocrx_word' id='word_1_50' title='bbox 1388 1181 1604 1251; x_wconf 90' lang='lat' dir='ltr'><strong>quum</strong></span> <span class='ocrx_word' id='word_1_51' title='bbox 1630 1157 2094 1256; x_wconf 59' lang='grc' dir='ltr'><em>πολυκτήμων</em></span> <span class='ocrx_word' id='word_1_52' title='bbox 2125 1159 2191 1228; x_wconf 91' lang='lat' dir='ltr'><strong>in</strong></span> <span class='ocrx_word' id='word_1_53' title='bbox 2230 1170 2554 1254; x_wconf 86' lang='lat' dir='ltr'><strong>promptu</strong></span> <span class='ocrx_word' id='word_1_54' title='bbox 2592 1163 2825 1231; x_wconf 66' lang='lat' dir='ltr'><strong>esset?</strong></span> <span class='ocrx_word' id='word_1_55' title='bbox 2862 1160 3056 1232; x_wconf 90' lang='lat' dir='ltr'><strong>Con-</strong></span> 
     </span>
     <span class='ocr_line' id='line_1_9' title="bbox 661 1261 3057 1357; baseline 0.001 -26"><span class='ocrx_word' id='word_1_56' title='bbox 661 1261 945 1334; x_wconf 84' lang='lat' dir='ltr'><strong>veniunt</strong></span> <span class='ocrx_word' id='word_1_57' title='bbox 980 1283 1141 1336; x_wconf 89' lang='lat' dir='ltr'><strong>cum</strong></span> <span class='ocrx_word' id='word_1_58' title='bbox 1176 1263 1361 1334; x_wconf 87' lang='lat' dir='ltr'><strong>iusta</strong></span> <span class='ocrx_word' id='word_1_59' title='bbox 1392 1283 1723 1333; x_wconf 87' lang='lat' dir='ltr'><strong>mensura</strong></span> <span class='ocrx_word' id='word_1_60' title='bbox 1767 1262 2317 1356; x_wconf 83' lang='lat' dir='ltr'><strong>confirmantque</strong></span> <span class='ocrx_word' id='word_1_61' title='bbox 2354 1284 2509 1333; x_wconf 89' lang='lat' dir='ltr'><strong>eam</strong></span> <span class='ocrx_word' id='word_1_62' title='bbox 2543 1265 2806 1357; x_wconf 84' lang='lat' dir='ltr'>primae</span> <span class='ocrx_word' id='word_1_63' title='bbox 2841 1264 3057 1357; x_wconf 89' lang='lat' dir='ltr'><strong>quin-</strong></span> 
     </span>
     <span class='ocr_line' id='line_1_10' title="bbox 664 1366 2735 1461; baseline 0 -25"><span class='ocrx_word' id='word_1_64' title='bbox 664 1375 916 1457; x_wconf 89' lang='lat' dir='ltr'><strong>taeque</strong></span> <span class='ocrx_word' id='word_1_65' title='bbox 954 1366 1164 1458; x_wconf 89' lang='lat' dir='ltr'><strong>epodi</strong></span> <span class='ocrx_word' id='word_1_66' title='bbox 1198 1375 1477 1451; x_wconf 79' lang='lat' dir='ltr'><strong>versuS,‘</strong></span> <span class='ocrx_word' id='word_1_67' title='bbox 1502 1367 1563 1437; x_wconf 92' lang='lat' dir='ltr'><strong>si</strong></span> <span class='ocrx_word' id='word_1_68' title='bbox 1597 1367 1824 1438; x_wconf 87' lang='lat' dir='ltr'><strong>soluta</strong></span> <span class='ocrx_word' id='word_1_69' title='bbox 1861 1366 2292 1461; x_wconf 76' lang='lat' dir='ltr'><strong>diphthongo</strong></span> <span class='ocrx_word' id='word_1_70' title='bbox 2328 1368 2735 1440; x_wconf 84' lang='lat' dir='ltr'><strong>recitantur:</strong></span> 
     </span>
     <span class='ocr_line' id='line_1_11' title="bbox 766 1467 3054 1567; baseline 0.001 -29"><span class='ocrx_word' id='word_1_71' title='bbox 766 1468 883 1539; x_wconf 86' lang='grc' dir='ltr'><strong>καὶ</strong></span> <span class='ocrx_word' id='word_1_72' title='bbox 925 1467 1209 1558; x_wconf 80' lang='grc' dir='ltr'><strong>χάλκεος</strong></span> <span class='ocrx_word' id='word_1_73' title='bbox 1245 1470 1427 1565; x_wconf 83' lang='grc' dir='ltr'><em>’Ἁρη</em></span> <span class='ocrx_word' id='word_1_74' title='bbox 1438 1491 1492 1547; x_wconf 84' lang='grc' dir='ltr'><strong>ς·</strong></span> <span class='ocrx_word' id='word_1_75' title='bbox 1542 1468 1763 1564; x_wconf 85' lang='grc' dir='ltr'><em>τράπε</em></span> <span class='ocrx_word' id='word_1_76' title='bbox 1811 1469 1883 1541; x_wconf 81' lang='grc' dir='ltr'><strong>δὲ</strong></span> <span class='ocrx_word' id='word_1_77' title='bbox 1931 1472 2247 1541; x_wconf 76' lang='grc' dir='ltr'><em>Κυκνέὶα</em></span> <span class='ocrx_word' id='word_1_78' title='bbox 2293 1468 2489 1561; x_wconf 78' lang='grc' dir='ltr'><em>μάχα</em></span> <span class='ocrx_word' id='word_1_79' title='bbox 2539 1471 2657 1541; x_wconf 84' lang='grc' dir='ltr'><strong>καὶ</strong></span> <span class='ocrx_word' id='word_1_80' title='bbox 2707 1470 3054 1567; x_wconf 73' lang='grc' dir='ltr'><em>ὑπέρβιον</em></span> 
     </span>
     <span class='ocr_line' id='line_1_12' title="bbox 1898 1571 2712 1667; baseline 0.002 -24"><span class='ocrx_word' id='word_1_81' title='bbox 1898 1573 2274 1667; x_wconf 79' lang='grc' dir='ltr'><em>Ἡρακλέα·</em></span> <span class='ocrx_word' id='word_1_82' title='bbox 2317 1571 2586 1653; x_wconf 80' lang='grc' dir='ltr'><em>πύκτας</em></span> <span class='ocrx_word' id='word_1_83' title='bbox 2617 1576 2683 1644; x_wconf 75' lang='grc' dir='ltr'><strong>δ’</strong></span> <span class='ocrx_word' id='word_1_84' title='bbox 2695 1629 2712 1646; x_wconf 92' lang='grc'><strong>.</strong></span> 
     </span>
     <span class='ocr_line' id='line_1_13' title="bbox 767 1672 3058 1774; baseline 0.002 -29"><span class='ocrx_word' id='word_1_85' title='bbox 767 1672 1075 1771; x_wconf 77' lang='grc' dir='ltr'><em>εὐάνορα</em></span> <span class='ocrx_word' id='word_1_86' title='bbox 1124 1674 1329 1746; x_wconf 85' lang='grc' dir='ltr'><em>πόλιν</em></span> <span class='ocrx_word' id='word_1_87' title='bbox 1376 1676 1852 1771; x_wconf 78' lang='grc' dir='ltr'><em>καταβρέχων·</em></span> <span class='ocrx_word' id='word_1_88' title='bbox 1896 1673 2088 1745; x_wconf 81' lang='grc' dir='ltr'><em>πάὶδ’</em></span> <span class='ocrx_word' id='word_1_89' title='bbox 2129 1674 2382 1771; x_wconf 80' lang='grc' dir='ltr'><em>ἐρατὸν</em></span> <span class='ocrx_word' id='word_1_90' title='bbox 2418 1678 2480 1746; x_wconf 84' lang='grc' dir='ltr'><strong>δ’</strong></span> <span class='ocrx_word' id='word_1_91' title='bbox 2526 1676 3058 1774; x_wconf 76' lang='grc' dir='ltr'><strong>Ἀρχεστράτου</strong></span> 
     </span>
     <span class='ocr_line' id='line_1_14' title="bbox 1907 1776 2611 1875; baseline 0.001 -27"><span class='ocrx_word' id='word_1_92' title='bbox 1907 1781 2191 1875; x_wconf 83' lang='grc' dir='ltr'><em>αἴνησα,</em></span> <span class='ocrx_word' id='word_1_93' title='bbox 2232 1778 2362 1849; x_wconf 90' lang='grc' dir='ltr'><em>τὸν</em></span> <span class='ocrx_word' id='word_1_94' title='bbox 2394 1776 2611 1851; x_wconf 77' lang='grc' dir='ltr'><em>εἶδον.</em></span> 
     </span>
     <span class='ocr_line' id='line_1_15' title="bbox 665 1880 3056 1975; baseline 0.002 -24"><span class='ocrx_word' id='word_1_95' title='bbox 665 1882 824 1952; x_wconf 89' lang='lat' dir='ltr'><strong>lllae</strong></span> <span class='ocrx_word' id='word_1_96' title='bbox 874 1882 1058 1954; x_wconf 90' lang='lat' dir='ltr'><strong>enim</strong></span> <span class='ocrx_word' id='word_1_97' title='bbox 1113 1881 1702 1975; x_wconf 77' lang='lat' dir='ltr'><strong>diphthongorum</strong></span> <span class='ocrx_word' id='word_1_98' title='bbox 1741 1880 2120 1955; x_wconf 84' lang='lat' dir='ltr'><strong>solutiones</strong></span> <span class='ocrx_word' id='word_1_99' title='bbox 2172 1883 2387 1953; x_wconf 91' lang='lat' dir='ltr'><strong>multo</strong></span> <span class='ocrx_word' id='word_1_100' title='bbox 2440 1894 2602 1954; x_wconf 84' lang='lat' dir='ltr'><strong>sunt</strong></span> <span class='ocrx_word' id='word_1_101' title='bbox 2652 1883 3056 1955; x_wconf 81' lang='lat' dir='ltr'><strong>crebriores</strong></span> 
     </span>
     <span class='ocr_line' id='line_1_16' title="bbox 664 1985 3054 2082; baseline 0.001 -25"><span class='ocrx_word' id='word_1_102' title='bbox 664 2007 880 2078; x_wconf 90' lang='lat' dir='ltr'><strong>quum</strong></span> <span class='ocrx_word' id='word_1_103' title='bbox 917 1985 1102 2079; x_wconf 91' lang='lat' dir='ltr'><strong>apud</strong></span> <span class='ocrx_word' id='word_1_104' title='bbox 1141 1986 1416 2079; x_wconf 84' lang='lat' dir='ltr'><strong>lyricoS‚</strong></span> <span class='ocrx_word' id='word_1_105' title='bbox 1457 1995 1598 2058; x_wconf 87' lang='lat' dir='ltr'><strong>tum</strong></span> <span class='ocrx_word' id='word_1_106' title='bbox 1638 1985 1849 2056; x_wconf 85' lang='lat' dir='ltr'><strong>etiam</strong></span> <span class='ocrx_word' id='word_1_107' title='bbox 1885 1985 2069 2078; x_wconf 89' lang='lat' dir='ltr'><strong>apud</strong></span> <span class='ocrx_word' id='word_1_108' title='bbox 2107 1986 2408 2078; x_wconf 80' lang='lat' dir='ltr'><strong>tragicos</strong></span> <span class='ocrx_word' id='word_1_109' title='bbox 2427 2039 2446 2071; x_wconf 78' lang='grc'><strong>,</strong></span> <span class='ocrx_word' id='word_1_110' title='bbox 2484 2009 2694 2079; x_wconf 89' lang='lat' dir='ltr'><strong>quam</strong></span> <span class='ocrx_word' id='word_1_111' title='bbox 2731 1986 3054 2082; x_wconf 88' lang='lat' dir='ltr'><strong>plerique</strong></span> 
     </span>
     <span class='ocr_line' id='line_1_17' title="bbox 666 2089 3055 2184; baseline 0 -24"><span class='ocrx_word' id='word_1_112' title='bbox 666 2090 1063 2183; x_wconf 89' lang='lat' dir='ltr'><strong>opinantur:</strong></span> <span class='ocrx_word' id='word_1_113' title='bbox 1113 2090 1279 2183; x_wconf 89' lang='lat' dir='ltr'><strong>quin</strong></span> <span class='ocrx_word' id='word_1_114' title='bbox 1329 2089 1515 2183; x_wconf 89' lang='lat' dir='ltr'><strong>apud</strong></span> <span class='ocrx_word' id='word_1_115' title='bbox 1555 2090 1929 2161; x_wconf 87' lang='lat' dir='ltr'><strong>Homerum</strong></span> <span class='ocrx_word' id='word_1_116' title='bbox 1972 2099 2385 2183; x_wconf 86' lang='lat' dir='ltr'><strong>ceterosque</strong></span> <span class='ocrx_word' id='word_1_117' title='bbox 2422 2091 2743 2184; x_wconf 91' lang='lat' dir='ltr'><strong>antiquos</strong></span> <span class='ocrx_word' id='word_1_118' title='bbox 2780 2091 3055 2184; x_wconf 83' lang='lat' dir='ltr'><strong>epicoS,</strong></span> 
     </span>
     <span class='ocr_line' id='line_1_18' title="bbox 665 2193 3056 2286; baseline 0.001 -23"><span class='ocrx_word' id='word_1_119' title='bbox 665 2193 855 2286; x_wconf 90' lang='lat' dir='ltr'><strong>apud</strong></span> <span class='ocrx_word' id='word_1_120' title='bbox 897 2215 1076 2285; x_wconf 93' lang='lat' dir='ltr'><strong>quos</strong></span> <span class='ocrx_word' id='word_1_121' title='bbox 1131 2194 1669 2265; x_wconf 86' lang='lat' dir='ltr'><strong>innumerabiles</strong></span> <span class='ocrx_word' id='word_1_122' title='bbox 1705 2203 1898 2277; x_wconf 80' lang='lat' dir='ltr'><strong>sunt,</strong></span> <span class='ocrx_word' id='word_1_123' title='bbox 1936 2214 2027 2264; x_wconf 95' lang='lat' dir='ltr'><strong>ne</strong></span> <span class='ocrx_word' id='word_1_124' title='bbox 2063 2193 2303 2264; x_wconf 90' lang='lat' dir='ltr'><strong>vocari</strong></span> <span class='ocrx_word' id='word_1_125' title='bbox 2338 2193 2622 2286; x_wconf 90' lang='lat' dir='ltr'><strong>quidem</strong></span> <span class='ocrx_word' id='word_1_126' title='bbox 2659 2195 3056 2266; x_wconf 90' lang='lat' dir='ltr'><strong>solutiones</strong></span> 
     </span>
     <span class='ocr_line' id='line_1_19' title="bbox 663 2295 3056 2391; baseline 0.001 -24"><span class='ocrx_word' id='word_1_127' title='bbox 663 2305 992 2390; x_wconf 84' lang='lat' dir='ltr'><strong>possunt,</strong></span> <span class='ocrx_word' id='word_1_128' title='bbox 1045 2297 1208 2389; x_wconf 91' lang='lat' dir='ltr'><strong>quia</strong></span> <span class='ocrx_word' id='word_1_129' title='bbox 1257 2307 1542 2390; x_wconf 86' lang='lat' dir='ltr'><strong>postero</strong></span> <span class='ocrx_word' id='word_1_130' title='bbox 1593 2295 1876 2367; x_wconf 90' lang='lat' dir='ltr'><strong>demum</strong></span> <span class='ocrx_word' id='word_1_131' title='bbox 1928 2317 2097 2367; x_wconf 87' lang='lat' dir='ltr'><strong>aevo</strong></span> <span class='ocrx_word' id='word_1_132' title='bbox 2149 2298 2429 2368; x_wconf 82' lang='lat' dir='ltr'><strong>vocales</strong></span> <span class='ocrx_word' id='word_1_133' title='bbox 2466 2297 2535 2367; x_wconf 94' lang='lat' dir='ltr'><strong>in</strong></span> <span class='ocrx_word' id='word_1_134' title='bbox 2575 2297 3056 2391; x_wconf 82' lang='lat' dir='ltr'><strong>diphthongos</strong></span> 
     </span>
     <span class='ocr_line' id='line_1_20' title="bbox 665 2399 3055 2493; baseline 0.002 -25"><span class='ocrx_word' id='word_1_135' title='bbox 665 2400 1094 2471; x_wconf 86' lang='lat' dir='ltr'><strong>coaluerunt.</strong></span> <span class='ocrx_word' id='word_1_136' title='bbox 1203 2399 1499 2470; x_wconf 86' lang='lat' dir='ltr'><strong>Obstare</strong></span> <span class='ocrx_word' id='word_1_137' title='bbox 1557 2399 1783 2469; x_wconf 84' lang='lat' dir='ltr'><strong>versui</strong></span> <span class='ocrx_word' id='word_1_138' title='bbox 1843 2421 2050 2492; x_wconf 91' lang='lat' dir='ltr'><strong>quem</strong></span> <span class='ocrx_word' id='word_1_139' title='bbox 2106 2400 2309 2493; x_wconf 94' lang='lat' dir='ltr'><strong>posui</strong></span> <span class='ocrx_word' id='word_1_140' title='bbox 2357 2400 2674 2474; x_wconf 86' lang='lat' dir='ltr'><strong>videatur</strong></span> <span class='ocrx_word' id='word_1_141' title='bbox 2724 2402 2926 2472; x_wconf 87' lang='lat' dir='ltr'><strong>tertia</strong></span> <span class='ocrx_word' id='word_1_142' title='bbox 2977 2413 3055 2473; x_wconf 88' lang='lat' dir='ltr'><strong>et</strong></span> 
     </span>
     <span class='ocr_line' id='line_1_21' title="bbox 665 2500 3139 2599; baseline 0.002 -26"><span class='ocrx_word' id='word_1_143' title='bbox 665 2512 909 2593; x_wconf 86' lang='lat' dir='ltr'><strong>quarta</strong></span> <span class='ocrx_word' id='word_1_144' title='bbox 938 2500 1229 2594; x_wconf 91' lang='lat' dir='ltr'><strong>epodus.</strong></span> <span class='ocrx_word' id='word_1_145' title='bbox 1286 2501 1514 2595; x_wconf 86' lang='lat' dir='ltr'><strong>Atque</strong></span> <span class='ocrx_word' id='word_1_146' title='bbox 1552 2502 1624 2571; x_wconf 90' lang='lat' dir='ltr'><strong>in</strong></span> <span class='ocrx_word' id='word_1_147' title='bbox 1660 2502 1863 2573; x_wconf 88' lang='lat' dir='ltr'><strong>tertia</strong></span> <span class='ocrx_word' id='word_1_148' title='bbox 1890 2501 2175 2593; x_wconf 91' lang='lat' dir='ltr'><strong>quidem</strong></span> <span class='ocrx_word' id='word_1_149' title='bbox 2201 2504 2463 2596; x_wconf 83' lang='lat' dir='ltr'><strong>vulgari</strong></span> <span class='ocrx_word' id='word_1_150' title='bbox 2500 2505 2804 2599; x_wconf 91' lang='lat' dir='ltr'><strong>opinioni</strong></span> <span class='ocrx_word' id='word_1_151' title='bbox 2844 2506 3056 2578; x_wconf 85' lang='lat' dir='ltr'><strong>satis-</strong></span> <span class='ocrx_word' id='word_1_152' title='bbox 3133 2559 3139 2564; x_wconf 80' lang='lat'><em>-</em></span> 
     </span>
     <span class='ocr_line' id='line_1_22' title="bbox 665 2605 2564 2691; baseline 0 -17"><span class='ocrx_word' id='word_1_153' title='bbox 665 2605 973 2676; x_wconf 87' lang='lat' dir='ltr'><strong>faciebat</strong></span> <span class='ocrx_word' id='word_1_154' title='bbox 2559 2686 2564 2691; x_wconf 39' lang='grc'>,</span> 
     </span>
     <span class='ocr_line' id='line_1_23' title="bbox 770 2706 3054 2809; baseline 0.002 -30"><span class='ocrx_word' id='word_1_155' title='bbox 770 2706 1124 2805; x_wconf 75' lang='grc' dir='ltr'><em>ἀκρόθινα</em></span> <span class='ocrx_word' id='word_1_156' title='bbox 1176 2708 1417 2780; x_wconf 77' lang='grc' dir='ltr'><em>διελών</em></span> <span class='ocrx_word' id='word_1_157' title='bbox 1466 2709 1633 2780; x_wconf 70' lang='grc' dir='ltr'><strong>ἔθυε</strong></span> <span class='ocrx_word' id='word_1_158' title='bbox 1676 2709 1793 2780; x_wconf 88' lang='grc' dir='ltr'><strong>καὶ</strong></span> <span class='ocrx_word' id='word_1_159' title='bbox 1831 2709 2315 2808; x_wconf 75' lang='grc' dir='ltr'><strong>πενταετηρίδ’</strong></span> <span class='ocrx_word' id='word_1_160' title='bbox 2357 2711 2546 2789; x_wconf 83' lang='grc' dir='ltr'><strong><em>ὅπως</em></strong></span> <span class='ocrx_word' id='word_1_161' title='bbox 2581 2712 2722 2809; x_wconf 80' lang='grc' dir='ltr'><em>ἄρα</em></span> <span class='ocrx_word' id='word_1_162' title='bbox 2758 2711 3054 2785; x_wconf 82' lang='grc' dir='ltr'><em>ἔστασεν</em></span> 
     </span>
     <span class='ocr_line' id='line_1_24' title="bbox 1907 2811 2192 2909; baseline -0.004 -25"><span class='ocrx_word' id='word_1_163' title='bbox 1907 2811 2192 2909; x_wconf 77' lang='grc' dir='ltr'><em>ἑορτάν,</em></span> 
     </span>
     <span class='ocr_line' id='line_1_25' title="bbox 664 2915 3051 3013; baseline 0.001 -25"><span class='ocrx_word' id='word_1_164' title='bbox 664 2916 794 2989; x_wconf 89' lang='lat' dir='ltr'><strong>sed</strong></span> <span class='ocrx_word' id='word_1_165' title='bbox 829 2916 900 2987; x_wconf 91' lang='lat' dir='ltr'><strong>id</strong></span> <span class='ocrx_word' id='word_1_166' title='bbox 939 2915 1101 2987; x_wconf 88' lang='lat' dir='ltr'><strong>ferri</strong></span> <span class='ocrx_word' id='word_1_167' title='bbox 1138 2937 1281 2986; x_wconf 92' lang='lat' dir='ltr'><strong>non</strong></span> <span class='ocrx_word' id='word_1_168' title='bbox 1319 2937 1527 3008; x_wconf 90' lang='lat' dir='ltr'><strong>posse</strong></span> <span class='ocrx_word' id='word_1_169' title='bbox 1555 2915 1784 3009; x_wconf 79' lang='lat' dir='ltr'><strong>arguit</strong></span> <span class='ocrx_word' id='word_1_170' title='bbox 1808 2917 2059 3010; x_wconf 81' lang='lat' dir='ltr'><strong>longae</strong></span> <span class='ocrx_word' id='word_1_171' title='bbox 2088 2918 2445 2988; x_wconf 88' lang='lat' dir='ltr'><strong>anacrusis</strong></span> <span class='ocrx_word' id='word_1_172' title='bbox 2474 2919 2543 2988; x_wconf 95' lang='lat' dir='ltr'><strong>in</strong></span> <span class='ocrx_word' id='word_1_173' title='bbox 2572 2918 3051 3013; x_wconf 85' lang='lat' dir='ltr'><strong>pyrrhichium</strong></span> 
     </span>
     <span class='ocr_line' id='line_1_26' title="bbox 664 3019 3051 3117; baseline 0.001 -25"><span class='ocrx_word' id='word_1_174' title='bbox 664 3021 941 3106; x_wconf 77' lang='lat' dir='ltr'><strong>solutio,</strong></span> <span class='ocrx_word' id='word_1_175' title='bbox 981 3042 1072 3091; x_wconf 87' lang='lat' dir='ltr'><strong>ex</strong></span> <span class='ocrx_word' id='word_1_176' title='bbox 1111 3041 1250 3112; x_wconf 92' lang='lat' dir='ltr'><strong>quo</strong></span> <span class='ocrx_word' id='word_1_177' title='bbox 1289 3019 1740 3113; x_wconf 87' lang='lat' dir='ltr'><strong>consequitur</strong></span> <span class='ocrx_word' id='word_1_178' title='bbox 1775 3042 2049 3092; x_wconf 89' lang='lat' dir='ltr'><strong>versum</strong></span> <span class='ocrx_word' id='word_1_179' title='bbox 2087 3042 2127 3091; x_wconf 95' lang='lat' dir='ltr'><strong>a</strong></span> <span class='ocrx_word' id='word_1_180' title='bbox 2163 3020 2631 3114; x_wconf 83' lang='lat' dir='ltr'><strong>grammaticis</strong></span> <span class='ocrx_word' id='word_1_181' title='bbox 2672 3032 3051 3117; x_wconf 89' lang='lat' dir='ltr'><strong>utcumque</strong></span> 
     </span>
     <span class='ocr_line' id='line_1_27' title="bbox 664 3123 3050 3218; baseline 0.002 -24"><span class='ocrx_word' id='word_1_182' title='bbox 664 3137 888 3196; x_wconf 86' lang='lat' dir='ltr'><strong>metro</strong></span> <span class='ocrx_word' id='word_1_183' title='bbox 927 3123 1532 3196; x_wconf 83' lang='lat' dir='ltr'><strong>accommodat-um</strong></span> <span class='ocrx_word' id='word_1_184' title='bbox 1576 3145 1768 3208; x_wconf 84' lang='lat' dir='ltr'><strong>esse,</strong></span> <span class='ocrx_word' id='word_1_185' title='bbox 1808 3134 2174 3218; x_wconf 88' lang='lat' dir='ltr'><strong>postquam</strong></span> <span class='ocrx_word' id='word_1_186' title='bbox 2215 3125 2478 3196; x_wconf 85' lang='lat' dir='ltr'><strong>initium</strong></span> <span class='ocrx_word' id='word_1_187' title='bbox 2515 3126 2892 3197; x_wconf 90' lang='lat' dir='ltr'><strong>interierat.</strong></span> <span class='ocrx_word' id='word_1_188' title='bbox 2973 3127 3050 3199; x_wconf 93' lang='lat' dir='ltr'><strong>Id</strong></span> 
     </span>
     <span class='ocr_line' id='line_1_28' title="bbox 665 3227 3045 3321; baseline 0.002 -23"><span class='ocrx_word' id='word_1_189' title='bbox 665 3229 723 3298; x_wconf 91' lang='lat' dir='ltr'><strong>si</strong></span> <span class='ocrx_word' id='word_1_190' title='bbox 759 3229 914 3321; x_wconf 91' lang='lat' dir='ltr'><strong>quis</strong></span> <span class='ocrx_word' id='word_1_191' title='bbox 952 3250 1047 3299; x_wconf 80' lang='lat' dir='ltr'><strong>ex</strong></span> <span class='ocrx_word' id='word_1_192' title='bbox 1080 3227 1361 3298; x_wconf 89' lang='lat' dir='ltr'><strong>scholiis</strong></span> <span class='ocrx_word' id='word_1_193' title='bbox 1413 3229 1793 3299; x_wconf 84' lang='lat' dir='ltr'><strong>coniiceret</strong></span> <span class='ocrx_word' id='word_1_194' title='bbox 1826 3234 2106 3298; x_wconf 73' lang='grc' dir='ltr'><strong>«θεοῖσιν</strong></span> <span class='ocrx_word' id='word_1_195' title='bbox 2144 3229 2387 3310; x_wconf 87' lang='lat' dir='ltr'><strong>fuisse,</strong></span> <span class='ocrx_word' id='word_1_196' title='bbox 2430 3231 2870 3301; x_wconf 87' lang='lat' dir='ltr'><strong>refelleretur</strong></span> <span class='ocrx_word' id='word_1_197' title='bbox 2907 3232 3045 3302; x_wconf 92' lang='lat' dir='ltr'><strong>alio</strong></span> 
     </span>
     <span class='ocr_line' id='line_1_29' title="bbox 667 3330 2420 3426; baseline 0 -25"><span class='ocrx_word' id='word_1_198' title='bbox 667 3331 1026 3404; x_wconf 86' lang='lat' dir='ltr'><strong>anacrusis</strong></span> <span class='ocrx_word' id='word_1_199' title='bbox 1063 3331 1243 3401; x_wconf 90' lang='lat' dir='ltr'><strong>vitio.</strong></span> <span class='ocrx_word' id='word_1_200' title='bbox 1328 3332 1701 3426; x_wconf 88' lang='lat' dir='ltr'><strong>Scripsisse</strong></span> <span class='ocrx_word' id='word_1_201' title='bbox 1739 3330 2017 3402; x_wconf 84' lang='lat' dir='ltr'><strong>videtur</strong></span> <span class='ocrx_word' id='word_1_202' title='bbox 2053 3330 2420 3403; x_wconf 86' lang='lat' dir='ltr'><strong>Pindarus:</strong></span> 
     </span>
     <span class='ocr_line' id='line_1_30' title="bbox 510 3432 2979 3531; baseline 0.001 -28"><span class='ocrx_word' id='word_1_203' title='bbox 510 3465 637 3526; x_wconf 62' lang='grc' dir='ltr'><strong>μη</strong></span> <span class='ocrx_word' id='word_1_204' title='bbox 1491 3434 1575 3505; x_wconf 89' lang='grc' dir='ltr'><em>τὸ</em></span> <span class='ocrx_word' id='word_1_205' title='bbox 1612 3434 1686 3504; x_wconf 83' lang='grc' dir='ltr'><strong>δὲ</strong></span> <span class='ocrx_word' id='word_1_206' title='bbox 1725 3433 2032 3526; x_wconf 80' lang='grc' dir='ltr'><em>σαφανὲς</em></span> <span class='ocrx_word' id='word_1_207' title='bbox 2069 3432 2195 3504; x_wconf 79' lang='grc' dir='ltr'><strong>ἰών</strong></span> <span class='ocrx_word' id='word_1_208' title='bbox 2231 3433 2470 3530; x_wconf 86' lang='grc' dir='ltr'><em>πόρσω</em></span> <span class='ocrx_word' id='word_1_209' title='bbox 2508 3437 2979 3531; x_wconf 77' lang='grc' dir='ltr'><em>κατέφρασεν,</em></span> 
     </span>
     <span class='ocr_line' id='line_1_31' title="bbox 771 3534 1690 3629; baseline -0.001 -22"><span class='ocrx_word' id='word_1_210' title='bbox 771 3537 911 3629; x_wconf 84' lang='grc' dir='ltr'><strong>ὅπᾳ</strong></span> <span class='ocrx_word' id='word_1_211' title='bbox 945 3534 1080 3606; x_wconf 84' lang='grc' dir='ltr'><strong>τάν</strong></span> <span class='ocrx_word' id='word_1_212' title='bbox 1116 3539 1452 3627; x_wconf 72' lang='grc' dir='ltr'><strong><em>πολέμοιο</em></strong></span> <span class='ocrx_word' id='word_1_213' title='bbox 1489 3534 1690 3608; x_wconf 88' lang='grc' dir='ltr'><em>δόσιν</em></span> 
     </span>
     <span class='ocr_line' id='line_1_32' title="bbox 766 3636 3051 3736; baseline 0.002 -26"><span class='ocrx_word' id='word_1_214' title='bbox 766 3644 1116 3730; x_wconf 85' lang='grc' dir='ltr'><strong>βωμοῖσιν</strong></span> <span class='ocrx_word' id='word_1_215' title='bbox 1153 3636 1502 3734; x_wconf 74' lang='grc' dir='ltr'><em>ἀκρόθινα</em></span> <span class='ocrx_word' id='word_1_216' title='bbox 1530 3639 1771 3710; x_wconf 77' lang='grc' dir='ltr'><em>διελών</em></span> <span class='ocrx_word' id='word_1_217' title='bbox 1799 3639 1975 3710; x_wconf 66' lang='grc' dir='ltr'><em>ἔθνε’</em></span> <span class='ocrx_word' id='word_1_218' title='bbox 2003 3667 2077 3710; x_wconf 84' lang='grc' dir='ltr'><em>τε</em></span> <span class='ocrx_word' id='word_1_219' title='bbox 2115 3639 2624 3736; x_wconf 78' lang='grc' dir='ltr'><em>πενταετηρίδα</em></span> <span class='ocrx_word' id='word_1_220' title='bbox 2660 3642 2717 3711; x_wconf 82' lang='grc' dir='ltr'><em>τ’</em></span> <span class='ocrx_word' id='word_1_221' title='bbox 2758 3640 3051 3714; x_wconf 79' lang='grc' dir='ltr'><em>ἔστασεν</em></span> 
     </span>
     <span class='ocr_line' id='line_1_33' title="bbox 1906 3740 2188 3838; baseline -0.004 -26"><span class='ocrx_word' id='word_1_222' title='bbox 1906 3740 2188 3838; x_wconf 82' lang='grc' dir='ltr'><em>ἑορτάν,</em></span> 
     </span>
     <span class='ocr_line' id='line_1_34' title="bbox 664 3844 3047 3940; baseline 0 -21"><span class='ocrx_word' id='word_1_223' title='bbox 664 3845 919 3937; x_wconf 88' lang='lat' dir='ltr'><strong>quibus</strong></span> <span class='ocrx_word' id='word_1_224' title='bbox 952 3846 1022 3915; x_wconf 90' lang='lat' dir='ltr'><strong>in</strong></span> <span class='ocrx_word' id='word_1_225' title='bbox 1061 3845 1287 3917; x_wconf 87' lang='lat' dir='ltr'><strong>verbis</strong></span> <span class='ocrx_word' id='word_1_226' title='bbox 1316 3845 1705 3917; x_wconf 86' lang='lat' dir='ltr'><strong>Lobeckius</strong></span> <span class='ocrx_word' id='word_1_227' title='bbox 1746 3847 1812 3915; x_wconf 86' lang='lat' dir='ltr'><strong>in</strong></span> <span class='ocrx_word' id='word_1_228' title='bbox 1841 3844 2128 3940; x_wconf 88' lang='lat' dir='ltr'><strong>Paralip.</strong></span> <span class='ocrx_word' id='word_1_229' title='bbox 2154 3870 2220 3940; x_wconf 89' lang='lat' dir='ltr'><strong>p.</strong></span> <span class='ocrx_word' id='word_1_230' title='bbox 2257 3847 2422 3917; x_wconf 74' lang='lat'><strong>497.</strong></span> <span class='ocrx_word' id='word_1_231' title='bbox 2457 3868 2615 3916; x_wconf 87' lang='lat' dir='ltr'><strong>cum</strong></span> <span class='ocrx_word' id='word_1_232' title='bbox 2651 3847 3047 3920; x_wconf 86' lang='lat' dir='ltr'><strong>scholiastis</strong></span> 
     </span>
     <span class='ocr_line' id='line_1_35' title="bbox 665 3946 3050 4046; baseline 0.002 -27"><span class='ocrx_word' id='word_1_233' title='bbox 665 3946 1017 4043; x_wconf 75' lang='grc' dir='ltr'><em>ἀκρόθινα</em></span> <span class='ocrx_word' id='word_1_234' title='bbox 1064 3971 1193 4044; x_wconf 89' lang='lat' dir='ltr'><strong>pro</strong></span> <span class='ocrx_word' id='word_1_235' title='bbox 1242 3947 1621 4044; x_wconf 74' lang='grc' dir='ltr'><em>ἀκροθίνια</em></span> <span class='ocrx_word' id='word_1_236' title='bbox 1656 3949 1920 4020; x_wconf 90' lang='lat' dir='ltr'><strong>dictum</strong></span> <span class='ocrx_word' id='word_1_237' title='bbox 1975 3949 2289 4021; x_wconf 76' lang='lat' dir='ltr'><strong>iudicans</strong></span> <span class='ocrx_word' id='word_1_238' title='bbox 2325 3971 2465 4021; x_wconf 91' lang='lat' dir='ltr'><strong>non</strong></span> <span class='ocrx_word' id='word_1_239' title='bbox 2505 3951 2827 4043; x_wconf 86' lang='lat' dir='ltr'><strong>probavit</strong></span> <span class='ocrx_word' id='word_1_240' title='bbox 2863 3953 3050 4046; x_wconf 77' lang='lat' dir='ltr'><strong>Hey·</strong></span> 
     </span>
     <span class='ocr_line' id='line_1_36' title="bbox 665 4046 3048 4148; baseline 0.002 -26"><span class='ocrx_word' id='word_1_241' title='bbox 665 4050 857 4122; x_wconf 89' lang='lat' dir='ltr'><strong>nium</strong></span> <span class='ocrx_word' id='word_1_242' title='bbox 875 4103 894 4134; x_wconf 87' lang='lat'>‚</span> <span class='ocrx_word' id='word_1_243' title='bbox 945 4053 1065 4144; x_wconf 92' lang='lat' dir='ltr'><strong>qui</strong></span> <span class='ocrx_word' id='word_1_244' title='bbox 1109 4052 1308 4124; x_wconf 83' lang='grc' dir='ltr'><em>δόσιν</em></span> <span class='ocrx_word' id='word_1_245' title='bbox 1354 4046 1705 4148; x_wconf 68' lang='grc' dir='ltr'><em>ἀκρόθινα</em></span> <span class='ocrx_word' id='word_1_246' title='bbox 1755 4052 2103 4146; x_wconf 80' lang='lat' dir='ltr'><strong>iungebat.</strong></span> <span class='ocrx_word' id='word_1_247' title='bbox 2195 4052 2358 4123; x_wconf 89' lang='lat' dir='ltr'><strong>Mihi</strong></span> <span class='ocrx_word' id='word_1_248' title='bbox 2396 4054 2469 4126; x_wconf 91' lang='lat' dir='ltr'><strong>id</strong></span> <span class='ocrx_word' id='word_1_249' title='bbox 2503 4054 2816 4147; x_wconf 83' lang='lat' dir='ltr'><strong>Heynius</strong></span> <span class='ocrx_word' id='word_1_250' title='bbox 2852 4067 3048 4127; x_wconf 84' lang='lat' dir='ltr'><strong>recte</strong></span> 
     </span>
     <span class='ocr_line' id='line_1_37' title="bbox 664 4153 3049 4253; baseline 0.003 -29"><span class='ocrx_word' id='word_1_251' title='bbox 664 4153 920 4225; x_wconf 82' lang='lat' dir='ltr'><strong>fecisse</strong></span> <span class='ocrx_word' id='word_1_252' title='bbox 970 4155 1283 4242; x_wconf 77' lang='lat' dir='ltr'><strong>videtur,</strong></span> <span class='ocrx_word' id='word_1_253' title='bbox 1330 4177 1475 4226; x_wconf 90' lang='lat' dir='ltr'><strong>non</strong></span> <span class='ocrx_word' id='word_1_254' title='bbox 1518 4164 1594 4226; x_wconf 90' lang='lat' dir='ltr'><strong>ut</strong></span> <span class='ocrx_word' id='word_1_255' title='bbox 1639 4154 1922 4226; x_wconf 87' lang='lat' dir='ltr'><strong>credam</strong></span> <span class='ocrx_word' id='word_1_256' title='bbox 1961 4153 2264 4252; x_wconf 70' lang='grc' dir='ltr'><em>ἀκρόθιν</em></span> <span class='ocrx_word' id='word_1_257' title='bbox 2300 4167 2421 4228; x_wconf 82' lang='lat' dir='ltr'><strong>aut</strong></span> <span class='ocrx_word' id='word_1_258' title='bbox 2458 4155 2756 4253; x_wconf 65' lang='grc' dir='ltr'><em>ἀκρόθτς</em></span> <span class='ocrx_word' id='word_1_259' title='bbox 2792 4180 2832 4229; x_wconf 89' lang='lat' dir='ltr'><strong>a</strong></span> <span class='ocrx_word' id='word_1_260' title='bbox 2872 4182 3049 4252; x_wconf 89' lang='lat' dir='ltr'><strong>quo-</strong></span> 
     </span>
     <span class='ocr_line' id='line_1_38' title="bbox 566 4259 3044 4354; baseline 0.002 -24"><span class='ocrx_word' id='word_1_261' title='bbox 566 4284 579 4297; x_wconf 87' lang='lat'><strong>·</strong></span> <span class='ocrx_word' id='word_1_262' title='bbox 664 4278 872 4349; x_wconf 90' lang='lat' dir='ltr'><strong>quam</strong></span> <span class='ocrx_word' id='word_1_263' title='bbox 925 4279 1083 4329; x_wconf 91' lang='lat' dir='ltr'><strong>esse</strong></span> <span class='ocrx_word' id='word_1_264' title='bbox 1130 4268 1533 4353; x_wconf 89' lang='lat' dir='ltr'><strong>usurpatum</strong></span> <span class='ocrx_word' id='word_1_265' title='bbox 1552 4312 1570 4343; x_wconf 85' lang='lat'>‚</span> <span class='ocrx_word' id='word_1_266' title='bbox 1622 4259 1754 4329; x_wconf 90' lang='lat' dir='ltr'><strong>sed</strong></span> <span class='ocrx_word' id='word_1_267' title='bbox 1787 4260 1978 4352; x_wconf 91' lang='lat' dir='ltr'><strong>quod</strong></span> <span class='ocrx_word' id='word_1_268' title='bbox 2013 4259 2349 4331; x_wconf 86' lang='lat' dir='ltr'><strong>Pindarus</strong></span> <span class='ocrx_word' id='word_1_269' title='bbox 2386 4270 2741 4354; x_wconf 83' lang='lat' dir='ltr'><strong>tamquam</strong></span> <span class='ocrx_word' id='word_1_270' title='bbox 2778 4263 2870 4333; x_wconf 89' lang='lat' dir='ltr'><strong>ab</strong></span> <span class='ocrx_word' id='word_1_271' title='bbox 2910 4263 3044 4335; x_wconf 90' lang='lat' dir='ltr'><strong>isto</strong></span> 
     </span>
     <span class='ocr_line' id='line_1_39' title="bbox 667 4360 2418 4435; baseline 0.001 -3"><span class='ocrx_word' id='word_1_272' title='bbox 667 4360 1084 4433; x_wconf 86' lang='lat' dir='ltr'><strong>nominativo</strong></span> <span class='ocrx_word' id='word_1_273' title='bbox 1121 4363 1595 4435; x_wconf 77' lang='lat' dir='ltr'><strong>accusativum</strong></span> <span class='ocrx_word' id='word_1_274' title='bbox 1635 4361 1959 4434; x_wconf 80' lang='lat' dir='ltr'><strong>adiectivi</strong></span> <span class='ocrx_word' id='word_1_275' title='bbox 1999 4363 2418 4435; x_wconf 82' lang='lat' dir='ltr'><strong>formaverit.</strong></span> 
     </span>
     <span class='ocr_line' id='line_1_40' title="bbox 871 4464 3048 4563; baseline 0.003 -28"><span class='ocrx_word' id='word_1_276' title='bbox 871 4464 949 4535; x_wconf 91' lang='lat' dir='ltr'><strong>In</strong></span> <span class='ocrx_word' id='word_1_277' title='bbox 982 4475 1229 4556; x_wconf 85' lang='lat' dir='ltr'><strong>quarta</strong></span> <span class='ocrx_word' id='word_1_278' title='bbox 1265 4466 1534 4560; x_wconf 81' lang='lat' dir='ltr'><strong>epodo,</strong></span> <span class='ocrx_word' id='word_1_279' title='bbox 1573 4466 1632 4536; x_wconf 90' lang='lat' dir='ltr'><strong>si</strong></span> <span class='ocrx_word' id='word_1_280' title='bbox 1669 4468 2012 4538; x_wconf 86' lang='lat' dir='ltr'><strong>sententia</strong></span> <span class='ocrx_word' id='word_1_281' title='bbox 2066 4475 2458 4560; x_wconf 79' lang='lat' dir='ltr'><strong>spectatur,</strong></span> <span class='ocrx_word' id='word_1_282' title='bbox 2497 4467 2668 4537; x_wconf 88' lang='lat' dir='ltr'><strong>nihil</strong></span> <span class='ocrx_word' id='word_1_283' title='bbox 2706 4478 2817 4539; x_wconf 89' lang='lat' dir='ltr'><strong>est</strong></span> <span class='ocrx_word' id='word_1_284' title='bbox 2853 4469 3048 4563; x_wconf 87' lang='lat' dir='ltr'><strong>quod</strong></span> 
     </span>
     <span class='ocr_line' id='line_1_41' title="bbox 660 4566 3045 4667; baseline 0.002 -28"><span class='ocrx_word' id='word_1_285' title='bbox 660 4591 807 4641; x_wconf 85' lang='lat' dir='ltr'><strong>non</strong></span> <span class='ocrx_word' id='word_1_286' title='bbox 844 4569 934 4641; x_wconf 87' lang='lat' dir='ltr'><strong>sit</strong></span> <span class='ocrx_word' id='word_1_287' title='bbox 971 4576 1161 4639; x_wconf 82' lang='lat' dir='ltr'><strong>recte</strong></span> <span class='ocrx_word' id='word_1_288' title='bbox 1198 4581 1498 4663; x_wconf 81' lang='lat' dir='ltr'><strong>apteque</strong></span> <span class='ocrx_word' id='word_1_289' title='bbox 1549 4568 1848 4641; x_wconf 81' lang='lat' dir='ltr'><strong>dictum:</strong></span> <span class='ocrx_word' id='word_1_290' title='bbox 1906 4572 2154 4665; x_wconf 79' lang='grc' dir='ltr'><em>ἀρχαῖς</em></span> <span class='ocrx_word' id='word_1_291' title='bbox 2191 4568 2264 4640; x_wconf 79' lang='grc' dir='ltr'><strong>δὲ</strong></span> <span class='ocrx_word' id='word_1_292' title='bbox 2296 4571 2673 4667; x_wconf 81' lang='grc' dir='ltr'><em>προτέραις</em></span> <span class='ocrx_word' id='word_1_293' title='bbox 2706 4566 3045 4663; x_wconf 78' lang='grc' dir='ltr'><strong>ἑπόμενοι</strong></span> 
     </span>
    </p>
   </div>
   <div class='ocr_carea' id='block_1_3' title="bbox 3293 3575 3303 5253">
    <p class='ocr_par' dir='ltr' id='par_1_3' title="bbox 3293 3575 3303 5253">
     <span class='ocr_line' id='line_1_42' title="bbox 3293 3575 3303 5253; baseline 0 0"><span class='ocrx_word' id='word_1_294' title='bbox 3293 3575 3303 5253; x_wconf 95' lang='lat' dir='ltr'><strong> </strong></span> 
     </span>
    </p>
   </div>
  </div>
 </body>
</html>
