3328 5326
1207 356 1637 419 EURIPIDES.
2494 358 2617 420 235

449 547 591 617 Iam
641 546 944 618 Achilles
998 547 1311 618 desidiae
1361 558 1723 642 pertaesus
1777 549 2145 618 convenire
2197 551 2387 641 cupit
2433 548 2620 642 Aga-

263 671 707 734 memnonem,
747 672 885 721 non
924 651 1037 720 ille
1078 673 1358 737 verens,
1400 662 1474 723 ut
1510 653 1904 743 Hartungus
1940 661 2167 744 putat,
2209 672 2296 722 ne
2334 654 2622 745 langue-

262 763 394 825 scat
429 754 734 824 bellandi
786 754 1040 847 cupido
1094 755 1278 848 apud
1316 776 1471 839 θος,
1511 756 1628 847 qui
1667 755 2000 847 coniuges
2038 763 2111 824 et
2140 754 2394 825 liberos
2432 755 2621 827 domi

260 858 678 948 reliquerint,
719 858 844 928 sed
882 859 1031 950 pari
1067 859 1319 929 ardore
1356 880 1598 928 omnes
1648 859 1908 930 bellum
1958 867 2292 951 expetere
2341 858 2617 930 videns:

260 981 461 1053 quare
511 982 756 1032 versus
796 965 965 1031 810.
1014 963 1493 1053 quaestionem
1545 962 1900 1032 contineat
1948 984 2242 1032 necesse
2293 972 2436 1047 est,
2489 965 2622 1033 nisi

259 1067 397 1155 quis
445 1065 753 1135 scribere
790 1065 980 1135 Volet
1032 1067 1168 1142 πᾶς
1203 1070 1271 1147 ἐξ
1310 1068 1468 1135 ἴσου
1503 1064 1634 1159 γὰρ
1672 1067 1978 1156 μένομεν
2014 1063 2344 1159 Εὐρίπου
2384 1067 2635 1143 πέλας.-

260 1168 412 1237 Tum
477 1168 728 1259 quibus
794 1171 1216 1260 argumentis
1281 1169 1394 1238 alii
1449 1167 2043 1260 Agamemnonem
2109 1178 2183 1239 ut
2237 1169 2391 1239 vela
2457 1169 2623 1239 dare

259 1271 482 1341 iubeat
515 1270 855 1342 hortaturi
893 1274 1066 1356 sint,
1122 1273 1251 1342 illis
1291 1273 1723 1363 relinquenti,
1763 1274 1912 1365 ipse
1951 1271 2459 1364 Myrmidonum
2497 1274 2626 1341 im-

256 1376 646 1467 patientiam
685 1384 793 1445 est
828 1375 1326 1447 declaraturus

451 1477 524 1547 V.
573 1481 743 1551 830.
788 1478 1225 1550 restituenda
1278 1478 1660 1550 editionum
1714 1480 2086 1571 scriptura,
2140 1479 2313 1548 αἰνῶ
2368 1480 2454 1566 σ’,
2511 1479 2626 1549 ὅτι

263 1583 470 1671 σέβεις
505 1580 591 1651 τὸ
631 1588 1048 1676 σωφρονεῖν.

451 1684 528 1754 V.
570 1683 739 1754 845.
773 1707 918 1777 seq.
952 1696 1071 1756 aut
1104 1685 1264 1779 περὶ
1299 1683 1532 1776 γάμου
1571 1684 2042 1768 scribendum,
2084 1694 2203 1755 aut
2238 1683 2477 1755 addito
2516 1711 2622 1774 τε,

557 1789 773 1858 πᾶσιν
809 1786 958 1858 τόδ’
999 1790 1416 1917 ἐμπέφυκεν,
1461 1789 1819 1859 αιὸεῖσθαι
1857 1788 2103 1879 φίλους

555 1889 842 1968 καινούς
876 1894 946 1962 θ
988 1892 1208 1986 ὁρῶσι
1244 1920 1359 1962 και
1395 1916 1628 1982 γαμου
1663 1893 2180 1986 μεμνημέᾝνους

259 1991 466 2064 Aliter
500 1994 926 2066 redundaret
960 1992 1096 2063 καί.

458 2097 526 2166 V.
565 2098 735 2168 871.
768 2097 1214 2169 scribendum

350 2202 390 2269 ὁ
426 2198 626 2290 λόγος
661 2206 729 2279 ἐς
764 2203 1072 2293 μέλλοντ’
1116 2201 1202 2271 ἂν
1241 2201 1332 2277 αἱς
1367 2202 1434 2269 εἰ
1463 2197 1748 2295 χρόνον·
1792 2199 1927 2288 ἔχει
1966 2202 2024 2269 δ’
2068 2200 2275 2271 ὄκνον
2312 2199 2499 2270 τινά.

450 2304 524 2373 V.
564 2303 732 2374 894.
781 2316 972 2375 recte
1011 2303 1341 2374 Matthiae
1378 2303 1639 2373 delevit
1679 2305 2032 2396 copulam,
2073 2326 2138 2373 v.
2175 2307 2344 2375 915.
2394 2313 2624 2375 autem

260 2406 690 2478 Marklandus
726 2410 1003 2501 scripsit
1039 2405 1215 2501 πρός
1253 2434 1328 2478 σε
1364 2407 1614 2489 δεξιᾶς.
1686 2408 1763 2475 V.
1798 2406 1968 2477 917.
2006 2405 2288 2479 creda'm
2325 2409 2628 2478 meliori-

260 2510 379 2580 bus
415 2513 717 2582 numeris
753 2511 1159 2605 Euripidem
1196 2512 1583 2604 scripsisse,

355 2615 474 2685 οὐκ
511 2613 639 2704 ἔχω
677 2613 921 2707 βωμόν
959 2617 1087 2686 τιν’
1133 2614 1341 2687 ἄλλον
1376 2618 1804 2707 καταφυγεῖν
1841 2613 1884 2710 ἢ
1926 2611 2052 2684 σὸν
2085 2611 2286 2703 γόνυ,

259 2719 355 2787 vel
390 2717 824 2815 καταφυγήν.
904 2732 908 2737 ’

450 2822 525 2890 V.
563 2824 734 2894 925.
775 2823 1059 2894 Excidit
1092 2843 1369 2893 versus:
1425 2822 1546 2891 vix
1581 2822 1769 2891 enim
1808 2821 2106 2892 dubitari
2143 2831 2405 2914 potest,
2462 2825 2626 2914 quin

262 2922 499 2995 dixerit
534 2924 862 3011 Achilles,

554 3027 988 3124 υψηλόφοων
1024 3054 1150 3119 μοι
1186 3026 1424 3118 θυμὸς
1461 3028 1738 3121 αἴρεται
1774 3025 1950 3121 πρὸς
1989 3022 2085 3095 ὦν

556 3131 824 3225 ἤκουσα
935 3185 951 3201 .
1124 3184 1141 3200 .

454 3235 528 3304 V.
566 3236 736 3308 928.
783 3235 956 3307 929.
996 3234 1113 3326 qui
1168 3236 1238 3303 in
1291 3182 1481 3303 libris
1534 3232 1748 3302 choro
1804 3231 2040 3301 tributi
2091 3243 2281 3317 sunt,
2321 3255 2459 3304 non
2499 3257 2627 3327 pu-

268 3339 484 3429 gnabo
521 3340 578 3409 si
617 3339 771 3430 quis
811 3338 900 3407 ab
939 3339 1432 3430 interpolatore
1469 3335 1744 3406 additos
1782 3334 2120 3405 censebit.

452 3443 529 3511 V.
566 3441 735 3512 940.
786 3443 1025 3512 nescio
1064 3463 1153 3511 an
1190 3443 1448 3512 rectius
1496 3439 1839 3510 scribatur
1887 3436 2196 3508 τοσοῦτό
2247 3441 2332 3528 σ’,
2391 3435 2626 3510 οἶκτον

269 3542 668 3637 περιβαλών,
713 3545 1135 3623 καταστελῶ.

452 3649 527 3719 V.
565 3648 736 3718 949.
779 3648 976 3718 Hunc
1014 3669 1296 3718 versum
1348 3647 1800 3740 interpolator
1852 3666 1946 3715 ex
1980 3646 2287 3716 Helenae
2339 3669 2404 3715 v.
2452 3645 2618 3719 462.
2643 3664 2744 3723 p.7

274 3742 323 3815 ὦ
355 3751 628 3844 δαῖμον,
673 3752 767 3829 ὡς
803 3749 1018 3832 ἀνάξι’
1063 3749 1513 3846 ἠτιμώμεθα,
1561 3750 1835 3821 videtur
1870 3749 2271 3842 sumpsisse.

458 3854 531 3924 V.
568 3856 741 3928 952.
779 3857 948 3924 953.
991 3853 1357 3924 Probanda
1394 3865 1582 3924 esset
1618 3854 1952 3944 Hartungi
2007 3854 2440 3934 coniectura,
2496 3853 2625 3942 ἐγώ

279 3955 419 4043 οὐχί
464 3960 792 4054 Πηλέως,
867 3958 997 4028 nisi
1051 3957 1120 4027 hi
1174 3956 1313 4029 duo
1366 3980 1610 4029 versus
1663 3958 1753 4028 ab
1816 3956 2307 4049 interpolatore
2372 3955 2625 4027 adiecti

275 4057 682 4146 viderentur,
739 4063 959 4154 repeti
1009 4061 1323 4146 volente,
1377 4062 1563 4153 quod
1602 4085 1667 4132 v.
1704 4059 1874 4130 944.
1922 4059 2092 4131 945.
2136 4059 2394 4130 dictum
2451 4071 2621 4131 erat.

275 4158 478 4233 Alieni
513 4166 697 4235 enim
732 4175 892 4236 sunt
929 4164 1080 4249 hic,
1122 4165 1239 4236 ubi
1278 4165 1676 4257 indignatur
1711 4163 2057 4248 Achilles,
2107 4164 2296 4257 quod
2345 4164 2627 4257 postha-

275 4259 500 4337 beatur
534 4269 873 4339 Menelao.

461 4371 532 4440 V.
583 4374 754 4444 962.
803 4373 1145 4442 sententia
1195 4374 1637 4463 negationem
1689 4371 2021 4463 postulat:
2089 4370 2197 4446 τίς
2251 4369 2322 4440 δὲ
2372 4369 2626 4461 μάντις

282 4469 394 4538 οὐκ
428 4473 594 4570 ἀνὴρ
634 4476 711 4553 ὃς
749 4473 910 4563 ὀλίγ’
953 4475 1213 4569 ἀληθῆ,
1256 4474 1473 4545 πολλὰ
1510 4475 1582 4546 δὲ
1617 4473 1839 4568 ψευδῆ
1877 4475 2049 4562 λέγει
2085 4470 2357 4566 τυχών,

463 4577 536 4646 V.
570 4582 740 4649 965.
796 4578 1010 4648 Recte
1048 4577 1441 4670 Hartungus
1487 4577 1659 4648 illud
1699 4576 1949 4647 stolide
1987 4587 2196 4667 atque
2236 4578 2622 4667 importune
