3328 5326
1290 382 1623 444 HYMNUS.
2059 421 2067 430 =
2528 384 2642 445 37⁴

50 595 113 658 190
262 571 520 642 eadem
559 572 628 640 in
665 572 847 643 linea
883 572 1143 667 incipit,
1183 575 1251 643 in
1291 596 1427 665 qua
1466 586 1652 647 totus
1689 575 1968 667 quintus
2005 596 2252 647 versus
2291 588 2417 646 est.
2504 576 2649 648 Nec

50 637 138 794 lliQ
254 676 418 746 sine
458 696 712 746 caussa
763 677 1019 747 factum
1057 675 1332 749 videtur
1383 688 1455 748 ut
1487 677 1904 772 γράμματα,
1949 687 2019 748 et
2056 699 2194 750 non
2234 679 2422 750 aliud
2460 680 2651 772 quod

52 791 138 844 ιιι
258 778 490 871 magis
536 779 901 849 conveniat
956 779 1168 852 Musis
1221 780 1521 873 positum
1568 784 1657 853 sit
1692 781 2130 853 vocabulum.
2218 782 2392 852 Nam
2437 805 2651 874 quum

95 829 140 943 ‚J
259 882 565 974 primum
619 882 965 953 distichon
1019 882 1368 955 eiusmodi
1417 885 1535 970 sit,
1589 896 1662 957 ut
1709 886 2000 957 alicuius
2048 895 2298 978 poetae
2349 887 2651 978 gnomici

52 1012 121 1053 ›110—
251 1006 426 1055 esse
468 985 807 1070 videatur,
849 986 1099 1056 coniici
1137 987 1372 1059 licebit
1409 990 1553 1061 noti
1593 1000 1736 1061 tum
1775 989 2100 1061 carminis
2128 991 2447 1063 versibus
2485 1011 2651 1062 usos

52 1106 120 1158 ntur.
251 1110 428 1159 esse
472 1089 664 1160 cives
702 1099 910 1181 atque
949 1090 1211 1162 amicos
1247 1092 1715 1185 Xenophanti‚
1758 1102 1832 1164 ut
1868 1090 2002 1163 hoc
2038 1094 2414 1185 praeconio
2452 1093 2655 1164 debi-

52 1215 120 1263 ιιιΔ
254 1203 418 1263 tum
450 1193 713 1264 meritis
751 1194 900 1264 eius
937 1193 1274 1265 honorem
1329 1197 1828 1288 persolverent.
1926 1195 2002 1266 ld
2052 1195 2109 1265 si
2166 1196 2260 1266 ita
2314 1207 2450 1281 est,
2502 1198 2652 1269 sine

52 1315 120 1392 >plez
253 1296 696 1388 impudentia
764 1307 834 1368 et
908 1298 1131 1368 claras
1199 1319 1455 1369 vocare
1520 1310 1900 1393 potuerunt
1954 1298 2260 1370 Pierides
2323 1311 2392 1370 et
2460 1312 2652 1371 recte

52 1427 122 1474 iere
250 1397 654 1493 γράμματα
699 1400 969 1484 dicere,
1019 1400 1210 1493 quod
1247 1405 1700 1495 praeconium
1738 1402 2280 1495 illud-scriptum
2317 1404 2469 1474 basi
2508 1414 2654 1476 sta-

50 1532 117 1580 ec>
252 1514 428 1574 tuae
485 1503 924 1578 addiderunt.
1025 1505 1230 1589 Quod
1288 1506 1342 1577 si
1398 1505 1532 1577 hoc
1593 1506 1802 1578 modo
1873 1508 2084 1577 verba
2139 1527 2380 1579 eorum
2439 1506 2653 1577 inter-

50 1618 124 1685 han
251 1616 650 1699 pretamur,
721 1608 1035 1701 pulcrum
1092 1608 1504 1680 habebimus
1558 1611 1986 1703 epigramma
2040 1610 2174 1681 hoc
2226 1610 2436 1681 modo
2490 1632 2652 1703 per-

50 1741 118 1797 ,ιη’
248 1710 602 1802 scriptum
628 1739 641 1780 :

50 1825 122 1910 »μζ
525 1863 550 1903 ,
562 1818 875 1902 ,ἐσθλοῖς
904 1816 989 1885 οὐ
1017 1814 1212 1886 κενεὰ
1238 1814 1539 1906 μόχθων
1565 1814 1798 1912 χάρις,
1834 1816 2003 1913 ἔργα
2029 1817 2099 1887 ὸὲ
2125 1819 2377 1907 χειρῶν
2405 1863 2411 1869 -

50 1945 112 2001 [al.
679 1914 962 2007 γνώμας
998 1916 1115 1987 καὶ
1150 1915 1411 2009 μύθων
1448 1920 1707 1991 πολλὸν
1745 1918 2304 2015 αφαυρότερα.“

524 2026 719 2098 τοῖος
753 2016 1233 2114 ’Λγεστροέτου
1271 2023 1421 2100 υἱὸς
1457 2028 1531 2093 ἐν
1573 2026 1898 2096 ἀστοῖσιν
1934 2022 2392 2115 Ξενόφαντος

677 2123 790 2194 καὶ
830 2123 1079 2205 ξείνοις
1113 2125 1370 2218 ἀρετᾶς
1406 2125 1568 2208 ἄξια
1604 2124 1791 2199 πόλλ’
1832 2126 2112 2217 ἔκαμεν,

50 2245 102 2313 ti
524 2225 834 2298 ἀντίπαλ’
876 2234 955 2297 οἲ
982 2223 1261 2298 ταύταν
1298 2226 1557 2300 νόστου
1594 2228 1803 2324 χάριν
1830 2227 2063 2300 εἰκόνα
2094 2231 2341 2306 θέντες

50 2353 122 2419 mg
677 2331 868 2400 ταῦτ’
912 2330 1169 2400 ἄπεδον
1207 2333 1486 2402 κλεινῶν
1519 2329 1907 2426 γράμματα
1948 2332 2330 2426 Πιερίὸων.

436 3033 683 3131 UBER
736 3032 1793 3268 BRUOHSTgffiEAffissQ?
1845 3049 2243 3132 HYMNEN
2297 3049 2486 3133 AUF

470 3381 679 3450 »Herr
715 3380 1212 3451 Schneidewin
1251 3381 1442 3452 hatte
1481 3382 1568 3450 im
1610 3392 1845 3451 ersten
1885 3381 2125 3452 Bande
2161 3382 2393 3452 seines
2429 3383 2652 3452 Philo-
2670 3405 2762 3466 pa

239 3489 461 3579 logus
499 3507 625 3554 aus
659 3484 893 3556 einem
928 3485 1421 3555 unbenannten
1450 3484 1935 3601 griechischen
1963 3485 2456 3557 Schiittsteller
2493 3498 2653 3579 spa-

245 3601 451 3661 terer
506 3589 651 3657 Zeit
702 3590 859 3658 eine
910 3611 1040 3658 von
1099 3589 1318 3658 Herrn
1374 3590 1594 3679 Millei
1645 3589 1715 3658 in
1764 3590 1953 3659 Paris
2006 3590 2145 3659 ihm
2199 3589 2650 3682 mitgetheilte

238 3694 473 3764 Stelle
502 3691 808 3762 bekannt
834 3692 1183 3784 gemacht,
1217 3714 1340 3763 aus
1370 3694 1680 3763 welche}
1718 3693 1866 3763 sich
1906 3695 2019 3763 ein
2057 3694 2372 3764 ziemlich
2413 3694 2650 3785 langes

432 3929 488 4010 *)
542 3929 670 3990 Aus
717 3929 840 3990 den
885 3931 1203 3991 Berichten
1252 3930 1410 3991 uber
1454 3931 1554 3993 die
1603 3933 1785 3992 Verh.
1829 3932 1890 3994 d.
1931 3934 2001 3992 K.
2042 3934 2105 3994 S.
2145 3932 2288 3992 Ges,
2326 3929 2390 3991 d.
2430 3932 2529 3991 W,
2572 3951 2650 3993 zu

245 4018 547 4097 Leipzig,
598 4016 813 4096 philol.
853 4016 997 4077 hist.
1035 4017 1128 4077 Cl.
1173 4018 1335 4078 ⁴849
1382 4020 1423 4077 l.
1465 4039 1529 4098 p.
1573 4020 1594 4077 l
1642 4018 1704 4079 ff.
1763 4054 1851 4063 —-
1903 4021 2010 4079 »ln
2066 4017 2179 4078 der
2234 4018 2495 4097 Sitzung
2548 4037 2648 4078 am

250 4107 363 4165 ⁴3.
418 4106 654 4164 Januar
701 4103 861 4163 1849
927 4102 1146 4165 wurde
1207 4123 1324 4165 von
1376 4106 1569 4165 Herrn
1621 4107 1825 4183 Haupt
1869 4108 1966 4164 cin
2019 4103 2650 4166 unvollendeter

246 4190 509 4252 Aul'satz
535 4188 647 4250 des
671 4188 1028 4269 bisherigen
1057 4191 1373 4253 Secretars
1401 4190 1515 4252 der
1536 4190 2384 4271 philologisch-historischen
2408 4191 2641 4266 Classe,

243 4275 567 4338 Gottfried
600 4276 946 4354 Hermann,
985 4277 1321 4355 vergelegt.
1405 4279 1527 4338 Der
1559 4280 1904 4358 Verewigte
1950 4277 2116 4337 hatte
2149 4276 2364 4339 diesen
2398 4278 2647 4340 Aufsatz

237 4382 398 4425 zum
429 4364 686 4440 Vortrag
721 4363 781 4421 in
817 4363 993 4422 einer
1025 4361 1521 4443 Classensitzung
1565 4363 2189 4425 niederzuschreiben
2236 4364 2640 4445 angefangen,

244 4451 349 4510 als
398 4448 500 4509 die
532 4448 872 4508 Krankheit
913 4446 1019 4507 ibn
1067 4449 1287 4528 ergriff‚
1329 4449 1431 4511 die
1463 4452 1597 4510 sein
1631 4451 1870 4511 reiches
1902 4448 2034 4511 und
2068 4452 2271 4513 reines
2304 4451 2512 4512 Leben
2548 4470 2645 4511 am

235 4538 366 4596 3⁴.
404 4534 747 4595 December
783 4536 944 4594 1848
979 4533 1224 4595 endete.
1309 4538 1414 4596 Die
1448 4536 1659 4597 Classe
1707 4537 2054 4610 beschIOSS‚
2108 4537 2245 4599 dies
2287 4538 2647 4599 Vermacht-

239 4623 391 4683 niss
423 4623 488 4681 in
523 4622 701 4681 ihren
734 4621 1059 4681 Berichten
1095 4621 1633 4702 niederzulegcn.«
1672 4623 1786 4704 [Cf.
1811 4623 2011 4702 Bergk
2051 4625 2114 4685 P.
2140 4627 2290 4703 L.p.
2317 4624 2480 4685 4320
2515 4621 2638 4702 sq.]

2141 4729 2233 4788 ΥΞ
