3328 5326
672 391 750 451 90
1660 389 2056 454 PINDARUS.

674 581 852 652 libro
889 603 1098 674 quem
1137 581 1228 653 de
1267 580 1544 654 casibus
1579 583 1854 676 scripsit
1902 605 1970 677 p.
2017 584 2185 654 ⁴45.
2227 593 2336 653 est
2371 588 2694 651 tentatus,
2775 579 3042 650 Graece

514 708 651 768 pao
673 686 853 756 scire
901 706 1044 756 non
1078 696 1189 755 est
1223 686 1439 758 multa
1488 696 1607 759 aut
1641 707 1797 756 rara
1836 686 2177 758 vocabula
2226 684 2564 756 memoria
2617 692 2881 767 tenere,
2914 682 3042 754 sed

672 789 851 860 scire
902 811 1083 881 quae
1129 788 1348 859 verba
1398 799 1469 858 et
1511 810 1651 881 quo
1708 789 1920 861 modo
1981 789 2159 860 inter
2208 810 2285 859 se
2348 787 2720 858 coniuncta
2781 786 3042 880 aliquid

669 883 1054 985 praebeant
1101 892 1291 985 quod
1328 892 1538 964 homo
1580 892 1887 964 Graecus
1925 903 1997 963 et
2031 893 2341 986 cogitare
2380 901 2450 961 et
2485 890 2748 963 dictum
2782 891 3043 962 intelli-

669 1018 836 1088 gere
886 996 1217 1090 potuerit3
1272 1018 1502 1088 neque
1547 996 1925 1068 emendare
1976 1006 2085 1066 est
2132 1006 2404 1068 mutare
2451 1004 2522 1066 et
2570 1013 2871 1078 novare,
2910 992 3041 1064 sed

673 1119 931 1192 ponere
985 1099 1175 1192 quod
1222 1110 1341 1172 aut
1390 1110 1629 1192 aperte
1680 1121 1923 1171 verum
1973 1100 2097 1184 sit,
2138 1109 2256 1171 aut
2301 1099 2521 1194 possit
2571 1118 2818 1169 verum
2856 1115 3038 1168 esse.

670 1202 992 1295 Alioquin
1042 1203 1112 1272 in
1159 1203 1400 1274 litteris
1453 1204 1647 1288 item,
1689 1216 1764 1274 ut
1799 1204 1869 1273 in
1904 1225 1981 1273 re
2020 1202 2292 1296 publica
2346 1201 2496 1273 fleri
2530 1200 2875 1286 videmUS,
2914 1221 3044 1272 no—

670 1306 903 1378 vando
935 1328 1078 1377 non
1114 1307 1552 1400 corriguntur
1586 1307 1859 1392 vitiosa,
1911 1306 2038 1378 sed
2075 1328 2404 1378 sanorum
2456 1325 2734 1398 quoque
2769 1305 3043 1376 ruinam

672 1410 1012 1482 trahentia
1051 1411 1257 1482 etiam
1294 1411 1648 1481 vitiosiora
1688 1409 1883 1481 fiunt.

1263 1833 1380 1918 DE
1432 1834 1897 1924 ANEGDOTO
1952 1833 2464 1922 PINDARIGO.

1145 1975 1282 2071 [ap.
1323 1977 1573 2071 Bergk.
1616 1978 1687 2046 P.
1720 1978 1791 2047 L.
1824 1977 2093 2072 Fragm.
2136 1978 2375 2074 adesp.
2421 1975 2571 2072 84.]

669 2102 1166 2177 (innotamus
1221 2103 1699 2177 anulinus-
1738 2103 1856 2176 ΕΒ.
1892 2102 2092 2178 eun„
2128 2099 2713 2177 sommnnwlno
2760 2121 2812 2179 8.
2834 2112 3039 2194 ΜΗ)

478 2283 531 2334 p.
549 2272 646 2320 58⁴
876 2253 1252 2325 Maximam
1268 2255 1583 2347 profecto
1600 2276 1814 2346 quum
1831 2255 2150 2324 fortunae
2166 2253 2455 2345 gratiam
2474 2252 2718 2322 haberi
2739 2262 3051 2347 oportet,

670 2377 850 2449 quae
901 2356 1105 2427 nobis
1168 2357 1523 2449 inopinato
1573 2356 1869 2427 eximios
1934 2378 2180 2427 versus
2229 2355 2500 2427 Pindari
2561 2356 2845 2441 obtulit,
2899 2368 3053 2429 tum

672 2460 816 2543 tibi,
860 2459 1422 2544 Schneidewine,
1462 2459 1580 2553 qui
1626 2481 1752 2529 eos
1788 2480 2034 2531 versus
2084 2469 2223 2530 tam
2275 2459 2483 2531 docte
2525 2470 2735 2552 atque
2774 2459 3062 2532 erudite.

674 2573 744 2633 et
788 2563 1280 2655 interpretatus
1327 2585 1406 2634 es
1440 2574 1514 2633 et
1562 2562 1973 2655 emendasti,
2013 2573 2088 2633 ut
2131 2584 2482 2656 perpauca
2527 2563 2918 2656 reliqueriS,
2958 2563 3056 2634 de

479 2714 531 2764 p,
553 2702 649 2750 5⁸5
671 2666 924 2760 quibus
962 2668 1258 2740 dubitari
1287 2689 1495 2762 posse
1523 2667 1862 2738 videatur.
1925 2668 2076 2759 Ego
2115 2668 2396 2763 quidem
2425 2689 2565 2760 quo
2593 2668 2856 2738 maiore
2886 2690 3053 2740 cum

670 2770 926 2863 gaudio
962 2792 1209 2843 versus
1246 2771 1397 2842 illos
1434 2771 1708 2865 excepi,
1748 2792 1834 2841 eo
1892 2771 2215 2842 libentius
2256 2771 2389 2841 feci
2426 2770 2616 2863 quod
2651 2772 2935 2863 rogasti,
2976 2782 3059 2843 ut

672 2874 763 2946 ad
813 2884 882 2944 te
933 2875 1474 2968 perscriberem,
1514 2875 1570 2943 si
1620 2874 1788 2967 quid
1838 2873 2172 2947 haberem
2218 2897 2358 2967 quo
2422 2875 2517 2944 illi
2563 2875 2770 2945 etiam
2822 2876 3053 2967 magis

671 2979 1167 3073 expolirentur.
1246 2978 1420 3049 Sunt
1455 2978 1567 3048 illa
1601 2978 1885 3070 quidem
1936 2989 2007 3049 et
2042 2999 2266 3072 pauca
2316 2990 2386 3048 et
2420 2999 2660 3071 parva,
2699 3000 2858 3049 nam
2896 2980 3058 3072 ple-

669 3104 886 3176 raque
934 3092 1006 3153 et
1055 3080 1413 3175 potissima
1465 3104 1505 3151 a
1550 3092 1620 3151 te
1672 3093 2010 3179 occupata
2075 3094 2265 3167 sunt,
2315 3082 2443 3152 sed
2501 3091 2733 3151 tamen
2786 3081 3049 3174 aliqua.

671 3186 1007 3279 Apertum
1055 3196 1197 3269 est,
1246 3204 1526 3256 carmen
1580 3184 1745 3256 illud
1809 3186 1926 3255 ad.
1962 3185 2393 3256 harmoniam
2445 3184 2770 3255 Doricam
2829 3185 3057 3258 fuisse

673 3288 1155 3382 compositum,
1196 3289 1392 3359 cuius
1443 3312 1657 3380 quum
1694 3290 1859 3358 satis
1898 3297 2131 3359 certae
2167 3310 2616 3359 numerorum
2651 3289 2846 3381 leges
2883 3290 3056 3376 sint,

671 3401 780 3461 est
815 3411 898 3460 ea
950 3412 1063 3460 res
1117 3401 1506 3484 opportuna
1557 3391 1841 3482 quidem
1894 3390 1982 3461 ad
2020 3391 2511 3463 inveniendam
2547 3413 2789 3462 veram
2826 3393 3061 3487 scrip-

671 3505 933 3577 turam,
973 3492 1097 3563 sed
1149 3493 1395 3563 eadem
1445 3506 1678 3563 tamen
1733 3495 1939 3564 etiam
1992 3494 2433 3567 incommoda
2486 3506 2769 3589 propter
2804 3496 3060 3566 simili-

671 3596 982 3670 tudinem
999 3596 1490 3681 membrorum,
1509 3597 1605 3667 ita
1632 3607 1707 3667 ut
1729 3596 2010 3668 difficile
2039 3598 2125 3668 sit
2154 3597 2684 3691 deprehendere
2702 3599 3056 3671 rationem

670 3699 1258 3793 antistrophicam.
1351 3698 1424 3769 Id
1474 3711 1546 3771 tu
1597 3700 1770 3771 scite
1816 3699 2217 3786 declinasti,
2276 3702 2571 3773 utnulla
2623 3723 2799 3795 opus
2856 3716 3061 3774 esset

670 3803 1053 3875 earundem
1089 3803 1386 3897 partium
1426 3803 1856 3896 repetitione.
1934 3804 2127 3897 Ipsos
2157 3815 2386 3876 autem
2424 3827 2750 3876 numeros
2779 3816 2890 3877 est
2928 3809 3059 3881 ubi

668 3907 969 3979 videaris
1023 3907 1193 3979 haut
1228 3906 1396 3977 satis
1434 3906 1529 3976 ad·
1563 3907 1795 3977 Dorici
1834 3908 2156 3978 carminis
2209 3908 2652 3989 severitatem
2691 3911 3054 4002 exegisse.

666 4009 935 4081 Deinde
989 4011 1197 4081 video
1249 4021 1317 4079 te
1357 4009 1758 4094 admisisse,
1798 4030 1978 4102 quae
2030 4012 2414 4082 lonicorum
2473 4022 2863 4105 poetarum,
2904 4037 3059 4085 non

667 4112 941 4183 Pindari
981 4126 1171 4200 sunt,
1210 4113 1418 4184 καλὸν
1469 4114 1691 4206 prima
1738 4114 1944 4207 longa
1995 4126 2064 4187 et
2102 4109 2340 4204 ζώϊον.
2429 4114 2548 4183 Illa
2587 4126 2818 4187 autem
2857 4140 3052 4211 quae

666 4215 979 4286 secundo
1018 4237 1226 4288 versu
1275 4215 1590 4310 posuisti,
1627 4217 1726 4312 μή
1768 4217 2010 4309 φυτῶν
2053 4215 2511 4312 ἀναισθήτων
2562 4217 2739 4314 μηδὲ
2788 4223 3056 4316 θηρῶν

667 4317 963 4409 ἀλόγων,
997 4339 1083 4388 eo
1120 4319 1306 4410 quod
1360 4321 1608 4414 θηρῶν
1644 4341 1770 4412 pro
1815 4320 2093 4416 θηρίων
2130 4319 2486 4412 scripsisti,
2525 4319 2674 4413 ipse
2726 4323 3057 4398 fatebere

666 4444 808 4493 non
845 4421 934 4493 ad
963 4422 1281 4514 poeticae
1312 4422 1633 4492 dictionis
1663 4421 2068 4515 dignitatem
2102 4423 2342 4495 attolli.
2410 4423 2527 4493 Illa
2558 4425 2858 4518 scriptor
2887 4428 3055 4516 iste,

833 4624 886 4701 ³⁸⁶)
925 4623 1211 4704 Philolog.
1250 4625 1292 4684 1.
1341 4623 1551 4708 (⁴846)
1589 4645 1652 4706 p.
1692 4628 1812 4689 584
1848 4647 1941 4710 sq.
