3328 5326
671 354 788 416 124
1654 351 2049 417 PINDARUS.

977 547 1149 637 ἀμφ’
1178 545 1436 641 ’Ἀργεῖ’
1457 548 1526 617 θ’
1567 546 1748 617 ὄσσα
1783 546 1898 617 καὶ
1936 550 2011 617 ἐν
2054 543 2349 641 Θήβης,
2385 546 2526 616 ’ὅσα
2562 544 2638 616 δὲ

971 645 1268 742 Ἀρκάσι
1302 646 1552 738 μάσσω

976 747 1417 847 μαρτυρήσει
1451 750 1784 830 Λυκαίου
1811 749 2054 844 βωμὸς
2091 751 2293 833 ἄναξ.

877 852 1018 924 Sed
1069 853 1444 926 dicendum
1492 865 1600 925 est
1645 855 1856 925 etiam
1907 853 1998 925 de
2049 853 2332 948 epodiS‚
2365 871 2673 947 quarum
2711 855 2781 924 in
2828 853 3050 947 prima

510 987 565 1040 p.
589 976 648 1023 m
668 983 726 1027 v.
775 959 897 1030 20.
941 956 1053 1034 τίς
1101 956 1233 1052 γὰρ
1296 959 1366 1027 in
1427 958 1643 1030 altero
1694 958 2011 1028 membro
2067 958 2455 1029 sententiae
2518 957 3048 1050 interrogativae

667 1061 968 1155 positum
1022 1071 1364 1154 repugnat
1416 1063 1570 1133 usui
1608 1060 1692 1131 δὲ
1741 1062 2094 1155 poscenti,
2142 1062 2431 1154 βασιλέα
2481 1059 2779 1152 δίδυμον
2817 1071 3053 1132 autem

668 1186 810 1235 non
859 1164 1266 1258 probandae
1330 1163 1801 1259 synaloephae
1855 1165 2348 1236 necessitatem
2398 1166 2622 1235 infert.
2713 1164 3054 1235 Nimirum

666 1268 847 1340 alius
896 1289 1106 1361 quam
1142 1267 1566 1341 credebatur
1591 1268 1847 1340 herum
1885 1269 2253 1341 verborum
2287 1285 2620 1340 numerus
2647 1277 2765 1339 est
2783 1322 2801 1353 ‚
2840 1287 3052 1360 quem

662 1373 770 1444 sic
807 1372 1291 1450 restituemus:

866 1499 988 1577 τίς
1024 1501 1085 1569 δ’
1127 1501 1231 1595 ἄρ’
1273 1499 1576 1577 ἱππείοις
1610 1503 1687 1571 ἓν
1723 1499 2034 1572 ἔντεσσιν
2070 1502 2297 1595 μέτρα

862 1604 920 1698 ·ἢ
956 1604 1150 1674 θεῶν
1185 1608 1465 1674 ναοῖσιν
1503 1602 1773 1674 οἰωνῶν
1806 1601 2106 1700 βασιλῆα
2145 1602 2484 1692 δίδυμνον
2518 1603 2789 1699 ἐπέθηκ’
2799 1632 2825 1696 ,·
2866 1605 2945 1672 ἓν
2983 1602 3053 1672 δὲ

1910 1707 2136 1782 Μοῖσ’
2177 1699 2561 1793 ἀδῦπνοος,

880 1814 956 1881 ἑν
991 1812 1051 1879 δ’
1081 1808 1305 1906 ’Ἀρης
1341 1811 1558 1882 ἀνθεῖ
1585 1811 1759 1880 νέων

882 1911 1152 1989 οὐλίαις
1188 1914 1557 2004 αἰχμαῖσιν
1578 1911 1894 2008 ,Μ’ρῶν.

880 2042 957 2112 In
1008 2041 1320 2113 secunda
1373 2042 1635 2135 epodO,
1694 2041 1763 2112 in
1817 2063 1955 2135 qua
2008 2064 2071 2112 v.
2120 2040 2235 2113 42.
2279 2052 2471 2114 recte
2513 2041 2846 2120 librorum
2885 2042 3061 2114 scri-

672 2158 947 2243 pturam
987 2149 1287 2238 ἕψονται
1322 2155 1553 2217 tuetur
1589 2145 1975 2239 KayseruS‚
2014 2167 2084 2214 v„
2118 2143 2233 2215 45.
2269 2144 2443 2215 haec
2485 2146 2837 2238 leguntur:
2880 2144 3062 2216 ὄσσα

673 2254 729 2322 τ’
768 2256 845 2322 ἐν
883 2250 1274 2341 Δελφοῖσιν
1311 2247 1778 2344 ἀριστεύσατε
1809 2247 1930 2344 ἡδὲ
1964 2243 2253 2341 χόρτοις
2289 2253 2364 2320 ἐν
2398 2250 2682 2325 λέοντος
2720 2246 3059 2345 δηρίομαι

675 2354 958 2425 πολέσιν
1009 2351 1166 2446 περὶ
1217 2348 1473 2446 πλήθει
1520 2354 1775 2422 καλῶν.
1854 2351 2359 2444 Ineptissimum
2398 2373 2562 2422 vero
2599 2363 2707 2421 est
2741 2353 3057 2422 πολέσιν.

676 2456 846 2526 Nam
888 2453 1055 2548 quid
1094 2463 1202 2523 est
1238 2452 1404 2524 hoc:
1461 2451 1814 2525 contendo
1868 2476 2028 2525 cum
2076 2454 2306 2525 multis
2361 2455 2452 2527 de
2503 2476 2795 2526 numero
2829 2455 3062 2546 gentis

674 2568 944 2629 vestrae
980 2556 1439 2628 victoriarum.
1498 2557 1633 2642 Qui
1673 2566 1833 2628 sunt
1869 2555 1962 2626 illi
1999 2558 2238 2628 multi?
2263 2581 2438 2629 num
2475 2567 2722 2652 gentes
2759 2558 3065 2629 multae?

677 2673 747 2735 at
792 2660 960 2732 nihil
1018 2657 1331 2754 frigidius
1384 2661 1522 2732 dici
1574 2661 1799 2756 potuit
1852 2683 2063 2753 quam
2096 2661 2355 2753 multae
2392 2673 2638 2756 gentes
2676 2683 2819 2733 non
2855 2661 3064 2733 toties

676 2766 951 2860 quoties
987 2774 1213 2834 vestra
1248 2767 1581 2837 vicerunt.
1653 2788 1742 2835 an
1783 2776 1950 2836 sunt
1989 2765 2349 2837 homines?
2401 2779 2546 2838 tum
2582 2767 2798 2838 multo
2838 2764 3064 2859 magis

677 2868 984 2942 absurda
1018 2877 1127 2939 est
1162 2868 1373 2941 totius
1409 2870 1636 2962 gentis
1674 2891 1834 2940 cum
1866 2869 2095 2962 aliquo
2123 2892 2264 2941 uno
2292 2869 2575 2961 homine
2603 2869 3057 2962 comparatio.

677 2996 766 3045 an
804 2973 1107 3065 denique
1145 2982 1307 3043 sunt
1335 2974 1590 3044 multae
1610 2984 1865 3066 gentes
1896 2996 2033 3045 uno
2063 2974 2435 3068 complexu
2462 2971 3063 3066 comprehensae?

676 3077 811 3149 hoc
857 3077 1198 3147 rationem
1243 3076 1523 3170 quidem
1578 3078 1875 3170 aliquam
1930 3077 2249 3162 haberet,
2309 3077 2436 3148 sed
2488 3098 2697 3148 nemo
2752 3075 3065 3147 divinare

678 3190 917 3274 posset
968 3181 1220 3251 multos
1273 3180 1622 3252 dicentem
1671 3180 1983 3273 gentium
2045 3181 2345 3273 aliquam
2396 3178 2906 3263 multitudinem
2963 3181 3068 3250 in-

678 3284 891 3376 telligi
936 3284 1132 3353 velle.
1217 3285 1605 3355 Haeserunt
1652 3286 1724 3354 in
1769 3283 1883 3354 *his
1931 3284 2166 3354 verbis
2232 3285 2367 3354 iam
2426 3283 2883 3365 scholiastae,
2945 3284 3064 3376 qui

680 3388 889 3457 etiam
926 3387 1269 3478 ineptiora
1304 3389 1758 3480 protulerunt.
1834 3388 2050 3457 Immo
2094 3409 2133 3458 a
2173 3387 2682 3459 Corinthiorum
2715 3386 2930 3458 ¹laude
2974 3386 3067 3458 ad

680 3489 960 3563 laudem
1009 3489 1600 3581 Oligaethidarum
1654 3511 2076 3584 ‚progressus
2139 3500 2348 3584 poeta
2408 3512 2568 3563 cum
2633 3490 2924 3562 urbibus
2988 3512 3065 3561 se

682 3590 1110 3664 contendere
1146 3593 1337 3678 dicit,
1376 3617 1516 3688 quo
1553 3593 1898 3686 significat
1925 3593 2095 3665 alias
2127 3594 2334 3666 urbes
2361 3617 2502 3665 non
2533 3616 2742 3687 posse
2771 3603 3062 3687 ‚gentem

682 3699 885 3768 toties
921 3698 1275 3768 victricem
1311 3698 1694 3768 nominare.
1755 3697 1830 3769 ld
1868 3718 2037 3768 vero
2074 3719 2214 3768 non
2249 3696 2527 3771 dixerat
2561 3696 2792 3768 Attica
2819 3698 3064 3791 lingua

682 3798 961 3890 πόλεσι,
1019 3822 1228 3892 quam
1278 3803 1570 3872 formam
1608 3809 1802 3870 recte
1840 3799 1929 3870 ab
1967 3822 2054 3871 eo
2091 3801 2507 3875 abiudicavit
2543 3800 2940 3875 Boeckhius
2977 3799 3064 3879 ad

683 3904 922 3997 fragm.
960 3905 1132 3977 229.
1175 3904 1441 3999 Nempe
1477 3905 1578 3975 sic
1616 3903 2022 3998 scripserat:

878 4033 1068 4105 ὅσσα
1100 4035 1160 4104 τ’
1189 4034 1275 4106 ’ἐν
1312 4035 1704 4126 Δελφοῖσιν
1738 4030 2197 4127 ἀριστεύσατε

887 4134 1006 4230 ἠδὲ
1048 4134 1332 4231 χόρτοις
1362 4141 1442 4208 ἐν
1475 4136 1794 4223 λέοντος,
1850 4134 2189 4231 δηρίομαι
2221 4134 2546 4209 πολίεσσι
2593 4135 2755 4230 περὶ
2798 4133 3060 4233 affl
3055 4187 3064 4199 r

2019 4239 2275 4313 (καλῶν
2313 4240 2416 4318 ’ὡς
2447 4238 2594 4329 μὰψ
2631 4240 2880 4331 amc,

890 4342 1016 4413 οὐκ
1046 4341 1141 4413 ἂν
1176 4341 1431 4438 εἰὸείην
1464 4342 1682 4430 λέγειν

889 4445 1189 4513 ποντιᾶν
1223 4441 1487 4535 ψάφων
1522 4441 1868 4536 ἀριθμόν.

682 4569 975 4643 Accedit
1029 4570 1218 4661 quod
1274 4571 1342 4640 in
1388 4571 1689 4662 obliquis
1738 4574 2015 4645 casibus
2061 4593 2102 4642 a
2148 4572 2363 4649 πολὺς
2405 4592 2551 4641 non
2589 4570 2872 4644 videtur
2908 4570 3062 4643 Pin-
