3328 5326
1275 402 1660 466 HOMERUS.
2570 402 2647 465 47

492 593 546 662 ὥ
554 616 586 669 ς
621 594 730 663 ἀπ’
766 593 1120 689 Ἀχιλλῆος
1157 590 1396 672 σάκεος
1433 596 1626 673 σέλας
1662 595 1885 691 αἰθέρ’
1928 601 2176 680 ἵκανεν,

491 695 729 784 καλοῦ,
777 697 1157 767 δαιδαλέου.

281 833 454 917 Quis
506 856 648 904 non
682 834 904 917 videt,
945 834 1004 903 si
1049 835 1312 929 clipeus
1349 835 1632 907 Achillis
1685 859 1843 908 cum
1888 836 2155 929 fulgore
2201 835 2409 906 lunae
2460 856 2654 905 com-

278 947 604 1029 paratur,
664 936 948 1008 refutari
1013 937 1197 1008 illam
1258 940 1773 1011 similitudinem
1840 938 2117 1011 adiecta
2186 937 2652 1032 descriptione

282 1041 458 1112 alius
520 1041 734 1111 multo
786 1042 1003 1133 magis
1060 1043 1384 1134 fulgentis
1435 1043 1806 1114 flammae?
1887 1043 1998 1112 Ex
2045 1063 2183 1134 quo
2234 1040 2436 1111 facile
2491 1041 2654 1111 licet

281 1143 725 1230 existimare,
778 1144 1210 1216 diversorum
1260 1147 1435 1217 haec
1484 1157 1846 1240 poetarum
1900 1167 2089 1230 esse,
2137 1166 2427 1237 quarum
2479 1145 2655 1214 alter

282 1248 435 1317 sola
481 1249 687 1319 lunae
733 1247 1174 1319 similitudine
1214 1271 1379 1320 usus
1416 1251 1643 1333 fuerit,
1684 1251 1856 1320 alter
1897 1260 2129 1320 autem
2164 1270 2305 1319 non
2341 1246 2653 1341 posuerit

280 1349 469 1422 hunc
507 1351 624 1443 qui
662 1351 752 1422 de
788 1353 950 1422 luna
985 1361 1093 1422 est
1126 1375 1420 1423 versum.
1478 1353 1629 1423 Non
1669 1354 1892 1425 minus
1927 1351 2375 1423 memorabile
2411 1371 2653 1421 exem-

279 1454 477 1546 plum
514 1455 849 1547 praebent
883 1455 1061 1525 haec
1096 1455 1284 1526 Iliad.
1316 1457 1428 1526 XI.
1465 1455 1634 1527 548.

495 1591 587 1670 ὥς
622 1593 680 1662 δ’
717 1595 998 1663 αἴθωνα
1032 1594 1278 1664 λέοντα
1310 1594 1500 1685 βοῶν
1536 1593 1677 1665 ἀπὸ
1707 1591 2136 1684 μεσσαύλοιο

492 1690 860 1766 ἐσσεύοντο
896 1692 1091 1772 κύνες
1125 1722 1202 1766 τε
1232 1695 1351 1766 καὶ
1385 1698 1621 1792 ἀνέρες
1655 1696 2057 1792 ἀγροιῶται,

493 1804 642 1868 οἵτε
673 1820 800 1889 μιν
836 1799 962 1868 οὐκ
996 1798 1189 1868 ειῶσι
1220 1799 1410 1890 βοῶν
1444 1803 1536 1870 ἐκ
1548 1804 1724 1894 πῖαρ
1760 1800 2068 1886 ἑλέσθαι,

492 1895 830 1989 πάννυχοι
858 1898 1327 2028 ἐγρήσσοντες·
1369 1903 1409 1972 ὃ
1446 1901 1520 1972 δὲ
1552 1903 1798 1993 κρειῶν
1832 1899 2166 1995 ἐρατίζων

494 1998 714 2091 ἰθύει,
757 2003 887 2083 ἀλλ
928 2002 1088 2075 οὔτι
1119 2001 1434 2100 πρήσσει·
1470 2005 1737 2094 θαμέες
1770 2002 1901 2098 γὰρ
1940 2002 2222 2079 ἄκοντες

496 2104 727 2176 ἀντίοι
763 2108 1092 2176 ἀΐσσουσι
1124 2104 1530 2202 θρασειάων
1567 2105 1707 2177 ἀπὸ
1735 2104 2058 2231 χειρῶν,

492 2205 861 2299 καιόμεναί
891 2235 968 2279 τε
1003 2208 1222 2297 ὀεταί,
1265 2207 1393 2285 τάς
1427 2235 1502 2281 τε
1535 2214 1694 2304 τρεῖ
1720 2201 2097 2298 ἐσσύμενός
2131 2228 2280 2302 περ·

491 2310 725 2432 ήῶθεν
760 2311 818 2381 δ’
856 2311 995 2382 ἄπο
1033 2308 1291 2405 νόσφιν
1324 2311 1441 2432 ἔβη
1482 2305 1791 2407 τετιηότι
1825 2309 2068 2401 θυμῷ·

497 2415 588 2490 ὥς
611 2415 805 2491 Αἴας
838 2409 978 2484 τότ’
1019 2414 1159 2489 απὸ
1206 2408 1466 2509 Τρώων
1501 2414 1906 2509 τετιημένος
1938 2407 2115 2507 ἦτορ

493 2516 628 2613 ἤιἐ,
670 2514 849 2589 πόλλ’
891 2518 1132 2589 ἀέκων·
1173 2519 1332 2613 πέρι
1364 2517 1497 2612 γὰρ
1534 2516 1636 2591 δίε
1671 2515 1921 2612 νηυσὶν
1942 2515 2276 2601 Ἀχαιῶν.

650 2653 742 2731 ὠς
777 2655 838 2723 δ’
881 2653 978 2725 ὅτ’
1018 2654 1179 2733 ὄνος
1214 2655 1373 2749 παρ’
1413 2653 1727 2750 ἄρουραν
1764 2651 1889 2723 ἰών
1925 2642 2253 2749 ἐβιήσατο
2292 2653 2572 2741 παῖδας,

496 2757 754 2854 νωθής,
795 2754 851 2851 ᾦ
887 2758 966 2854 δὴ
1002 2756 1215 2854 πολλὰ
1250 2760 1407 2853 πέρι
1441 2754 1681 2854 ῥόπαλ’
1724 2756 1947 2850 ἀμφὶς
1982 2754 2172 2851 ἐάγη,

495 2860 701 2957 κείρει
734 2863 789 2931 τ’
830 2860 1155 2938 εἰςελθών
1184 2859 1379 2953 βαθὺ
1415 2856 1632 2956 λήϊον·
1676 2865 1755 2929 οἲ
1783 2862 1862 2931 δέ
1888 2886 1964 2929 τε
2002 2860 2242 2935 παῖδες

495 2959 880 3034 τύπτουσιν
916 2962 1306 3061 ῥοπάλοισι·
1343 2962 1460 3058 βίη
1500 2964 1578 3034 δέ
1606 2989 1685 3034 τε
1719 2961 1929 3059 νηπίη
1971 2960 2227 3032 αὐτῶν·

500 3067 763 3159 σπουδῇ
800 3068 855 3136 τ’
894 3063 1300 3162 ἐξήλασσαν,
1341 3065 1490 3136 ἐπεί
1522 3066 1578 3134 τ’
1617 3067 2032 3161 ἐκορέσσατο
2073 3063 2361 3159 φορβῆς·

498 3170 588 3247 ὥς
623 3163 762 3239 τότ’
803 3169 1002 3240 ἔπειτ’
1032 3170 1322 3241 Αἴαντα
1356 3170 1602 3259 μέγαν,
1647 3164 2098 3257 Τελαμώνιον
2131 3164 2317 3254 υἱόν,

509 3272 741 3369 Τρῶες
776 3272 1177 3367 ὑπέρθυμοι
1210 3270 1610 3368 τηλέκλητοί
1641 3272 1697 3339 τ’
1721 3269 2122 3399 ἐπίκουροι,

497 3371 871 3452 νύσσοντες
908 3379 1221 3456 ξυστοῖσι
1254 3375 1472 3465 μέσον
1510 3370 1741 3457 σάκος,
1782 3372 1934 3443 αιεν
1967 3376 2243 3442 ἕποντο·

283 3487 593 3607 Utraque
647 3513 926 3608 egregia
971 3511 1203 3606 imago
1249 3520 1389 3582 est:
1444 3510 1570 3581 sed
1608 3510 1727 3603 qui
1764 3511 2049 3581 alteram
2086 3510 2273 3595 fecit,
2311 3532 2455 3581 non
2490 3531 2659 3581 usus

283 3639 450 3689 esse
498 3619 711 3688 altera
763 3617 1068 3689 videtur:
1130 3625 1268 3685 tam
1323 3616 1501 3685 inter
1549 3636 1627 3685 se
1678 3614 2047 3685 dissimiles
2095 3624 2273 3685 sunt.
2352 3614 2439 3684 Ut
2479 3613 2657 3684 haec

282 3730 572 3816 propter
607 3720 889 3791 nimiam
927 3718 1575 3802 dissimilitudinem,
1629 3717 1730 3788 sic
1776 3728 2061 3813 propter
2095 3717 2373 3788 nimiam
2419 3715 2662 3788 simili-

288 3823 598 3897 tudinem
648 3848 791 3895 non
843 3833 949 3895 est
995 3821 1329 3894 credibile
1362 3822 1451 3893 ab
1489 3842 1627 3892 uno
1664 3831 1871 3915 poeta
1906 3824 2221 3916 profecta
2255 3841 2436 3912 esse,
2475 3841 2665 3912 quae

287 3927 479 3998 Iliad.
511 3930 586 3998 11.
625 3927 792 3998 144.
826 3929 1171 4032 leguntur:

498 4061 750 4162 κινήθη
790 4066 850 4136 δ’
893 4058 1135 4159 ἆγορη,
1175 4065 1267 4141 ὠς
1300 4058 1579 4154 κύματα
1614 4088 1851 4158 μακρα
1886 4056 2249 4157 θαλάσσης

499 4166 763 4250 πόντου
784 4166 1143 4263 Ἰκαρίοιο,
1185 4166 1279 4236 τὰ
1307 4166 1439 4257 μέν
1472 4167 1528 4235 τ’
1569 4160 1812 4261 Ευρός
1846 4192 1921 4238 τε
1959 4162 2199 4240 Νότος
2231 4190 2309 4236 τε

499 4270 699 4367 ὤρορ’
716 4275 1019 4352 ἐπαΐξας
1052 4267 1318 4363 πατρὸς
1348 4267 1531 4346 Διὸς
1564 4273 1636 4342 ἐκ
1672 4262 2041 4361 νεφελάων.

652 4409 744 4486 ὠς
779 4410 842 4478 δ’
883 4407 1000 4479 ὅτε
1033 4404 1279 4502 κινήση
1316 4406 1639 4501 Ζεφυρος
1673 4403 1876 4496 βαθὺ
1902 4400 2102 4529 λη’ίον
2137 4402 2385 4490 ἐλθών,

430 4520 437 4528 ’
497 4507 769 4633 λάβρος
783 4509 1176 4600 ἐπαιγίζων,
1221 4509 1332 4579 ἔπι
1364 4509 1420 4577 τ’
1457 4506 1670 4604 ἠμύει
1708 4505 2196 4596 ἀσταχύεσσιν·
2419 4541 2424 4546 ·

505 4616 594 4693 ὥς
626 4613 769 4686 των
803 4615 960 4685 πᾶσ’
1004 4611 1218 4707 ἀγορη
1257 4605 1533 4707 κινήθη.

392 4729 570 4793 Hunni.
608 4734 712 4794 ΟΡ.
748 4732 900 4794 VIII.
2200 4730 2245 4787 Β
