3328 5326
651 351 732 413 78
1632 351 2037 419 PINDARUS.
2489 342 2512 384 ¹

650 546 808 635 μῶν
867 546 1119 639 μέτρα.
1214 543 1399 630 Quid
1448 567 1618 617 vero
1669 545 1805 615 hoc
1856 555 1997 630 est,
2033 546 2094 617 si
2147 545 2260 617 ille
2313 544 2413 615 sic
2469 544 2793 636 scripsit?
2865 541 3020 615 Non

651 647 862 718 video
914 669 1046 740 ego
1085 648 1365 739 quidem
1403 648 1573 743 quid
1615 649 1799 723 aliud
1837 649 2072 725 dicere
2117 647 2440 742 potuerit,
2479 668 2689 739 quam
2729 648 3021 717 formam

653 750 849 822 istius
892 752 1199 823 mulieris
1247 753 1343 822 ita
1395 752 1526 823 sibi
1572 753 1932 825 oculorum
1967 773 2365 827 mensuram
2416 773 2604 835 esse,
2644 760 2717 825 ut
2762 749 3024 821 nullam

653 855 822 924 velit
857 855 1063 925 aliam
1099 856 1462 926 mulierem
1499 856 1885 950 adspicere.
1975 856 2314 941 Convenit
2357 854 2491 929 1106
2529 853 2813 946 quidem
2848 872 3025 944 quo-

653 957 817 1029 dam
845 958 1058 1029 modo
1087 980 1247 1030 cum
1272 959 1715 1033 Boeckhiana
1732 960 2004 1031 Pindari
2033 959 2409 1033 verborum
2428 956 3022 1051 interpretatione,

654 1061 782 1131 sed
832 1072 1065 1132 tamen
1116 1062 1240 1148 ita,
1281 1072 1355 1133 61
1391 1063 1630 1135 rhetor
1677 1064 1792 1133 ille
1841 1063 2204 1156 perinepto
2249 1062 2568 1133 acumine
2615 1060 2715 1144 id,
2753 1057 2950 1151 quod
2985 1079 3027 1127 a

652 1164 947 1235 Pindaro
972 1165 1062 1236 de
1091 1167 1428 1258 adspectu
1456 1168 1570 1239 cui
1597 1167 1832 1239 omnia
1859 1176 2179 1260 paterent
2214 1165 2477 1237 dictum
2504 1165 2769 1249 fuisset,
2799 1173 3028 1235 trans—
3120 1225 3127 1232 .

652 1269 1018 1340 ferendum
1053 1279 1369 1362 putasset
1413 1270 1504 1341 ad
1555 1271 1797 1341 oculos
1832 1279 2173 1363 perpetuo
2209 1270 2279 1339 in
2316 1269 2518 1343 unius
2554 1267 2860 1343 mulieris
2899 1266 3028 1337 ad-

651 1381 899 1464 spectu
942 1373 1141 1464 quasi
1192 1374 1583 1445 conclusos
1670 1373 1854 1457 Quid
1906 1394 2110 1457 vern,
2147 1374 2249 1447 sic
2286 1372 2422 1445 hoc
2471 1372 2698 1465 ipsum
2733 1369 3026 1441 dubium

653 1485 783 1560 est,
822 1476 1266 1569 scripseritne
1304 1476 1754 1549 Philostratus
1790 1478 2066 1570 με’τραἹ
2152 1476 2324 1547 Nam
2363 1474 2836 1547 Boissonadus
2872 1472 3029 1564 qui-

653 1595 849 1679 dem,
914 1618 1127 1687 quum
1189 1597 1260 1666 in
1318 1596 1563 1667 codice
1624 1597 1958 1668 Vaticano
2019 1621 2170 1690 μρα
2230 1596 2563 1688 scriptum
2616 1593 3023 1676 invenisset,

651 1707 1090 1791 putaretque,
1131 1700 1320 1792 quod
1358 1701 1543 1794 apud
1581 1701 1985 1793 Dionysium
2024 1709 2095 1769 et
2127 1700 2195 1789 μ’
2238 1700 2429 1793 ἄτερ,
2468 1698 2541 1769 id
2574 1699 2799 1792 μᾶτερ
2839 1718 3024 1781 6556,

649 1802 882 1895 posuit
929 1804 1072 1873 τῶν
1124 1805 1311 1895 ἐμῶν
1348 1805 1747 1896 ὀφθαλμῶν
1796 1805 2099 1899 μητέρα,
2133 1802 2320 1896 apud
2367 1801 2735 1872 Pindarum
2790 1811 3028 1871 autem

652 1905 784 1998 ipsi
831 1905 1114 1997 quidem
1158 1929 1300 1976 non
1352 1908 1533 1977 male
1581 1908 1720 1999 legi
1770 1927 1979 2000 posse
2027 1906 2253 1977 visum
2313 1916 2421 1975 est
2469 1904 2582 1993 τί,
2642 1902 3019 1974 πολύσκοπ’

650 2009 840 2099 ἐμῶν
892 2009 1031 2081 θεὰ
1080 2011 1305 2103 μᾶτερ
1358 2004 1732 2102 ὀμμάπων.
1821 2010 2131 2102 Arripuit
2183 2010 2320 2081 hoc
2383 2010 2447 2078 F.
2501 2008 2576 2077 G.
2637 2007 3029 2078 Schneide-

650 2111 903 2197 WinUS,
934 2112 1346 2205 scripsitque
1372 2113 1532 2205 ἐμοὶ
1557 2114 1757 2183 θοῶν
1784 2114 2008 2208 μᾶτερ
2039 2111 2407 2204 ὀμμάτων.
2485 2112 2632 2181 Hoc
2661 2111 2721 2180 si
2747 2111 3029 2203 scripsit

651 2213 1012 2299 PindaruS,
1056 2215 1260 2286 video
1311 2216 1596 2308 quidem
1641 2217 1805 2286 solis
1851 2216 2240 2287 radiantem
2294 2216 2518 2286 lucem
2553 2224 2848 2284 matrem
2882 2214 3028 2284 dici

650 2318 961 2410 potuisse
1009 2319 1256 2393 celeris
1307 2319 1714 2411 adspectuS,
1762 2319 1952 2411 quod
2016 2320 2248 2389 clarae
2292 2319 2465 2390 lucis
2516 2339 2652 2410 ope
2703 2318 3030 2389 celeriter

651 2421 887 2490 omnia
921 2432 1327 2506 noscuntur,
1364 2442 1548 2513 nego
1577 2431 1809 2493 autem
1847 2431 2098 2493 testem
2131 2422 2333 2493 huius
2360 2422 2743 2514 scripturae
2780 2420 3032 2492 haberi

651 2544 863 2615 posse
900 2524 1406 2596 Philostratum.
1498 2525 1674 2594 Nam
1710 2526 1768 2595 si
1807 2526 2010 2597 116165
2061 2525 2201 2596 fide
2244 2525 2578 2597 utendum
2612 2526 3027 2609 censebant,

650 2647 793 2697 606
848 2627 1110 2699 codicis
1159 2629 1469 2700 Vaticani
1522 2629 1932 2723 scripturam
1987 2628 2374 2714 debebant,
2430 2628 2557 2699 sed
2608 2629 3032 2700 sententiam

652 2732 1010 2823 scriptoris
1039 2734 1407 2825 respicere.
1483 2733 1695 2825 Atqui
1730 2733 1898 2825 quid
1933 2733 2068 2803 hoc
2106 2741 2314 2816 esset,
2352 2733 2494 2804 τῶν
2522 2735 2711 2823 ἐμῶν
2750 2734 3034 2826 ὀφθαλ-

651 2835 808 2924 μῶν
843 2837 1145 2931 μητέρα,
1177 2858 1310 2906 666
1347 2836 1816 2931 Boissonadus
1856 2836 2026 2907 dixit
2050 2857 2182 2905 nec
2212 2834 2812 2908 Schneidewinus.
2875 2837 3031 2930 Ego

651 2959 792 3029 qua
827 2938 1096 3009 ratione
1143 2940 1296 3031 quis
1334 2943 1710 3010 formosam
1759 2940 2123 3011 mulierem
2174 2939 2530 3010 oculorum
2586 2960 2872 3010 suorum
2911 2950 3035 3012 aut

653 3039 1029 3135 adspectus
1078 3052 1369 3113 matrem
1413 3043 1652 3114 dicere
1714 3043 1969 3135 possit,
2022 3065 2161 3113 non
2226 3042 2607 3134 intelligere
2638 3041 3027 3114 confiteor.

653 3144 860 3227 Quod
906 3147 967 3215 si
1015 3146 1085 3216 id
1132 3167 1345 3217 sensu
1395 3147 1801 3217 destitutum
1852 3155 1993 3230 651,
2043 3146 2489 3237 consequitur
2547 3166 2639 3214 ne
2690 3147 3033 3239 scriptum

653 3247 939 3337 quidem
976 3270 1016 3318 a
1053 3247 1463 3320 Philostrato
1498 3250 1738 3334 fuisse,
1777 3270 2006 3340 eoque
2056 3269 2383 3320 corruere
2420 3249 2600 3319 illius
2633 3249 3032 3341 scripturae

652 3349 1179 3422 fundamentum
1218 3352 1288 3421 in
1326 3352 1629 3422 carmine
1667 3351 1961 3421 Pindari.
2045 3351 2409 3422 Praeterea
2444 3373 2640 3436 vero,
2678 3352 2832 3422 sive
2865 3354 3035 3444 ἐμοὶ

652 3452 855 3522 θοῶν
900 3448 1284 3550 ὀμμάτων,
1327 3455 1479 3525 sive
1530 3459 1733 3546 ἐμαῖς
1781 3454 1989 3531 θέαις
2031 3452 2416 3545 ὀμμάτων,
2458 3455 2608 3524 sive
2654 3454 2817 3546 ἐμοὶ
2853 3457 3036 3534 θέας

646 3553 928 3644 ὄμμασι
984 3556 1344 3642 scribitur,
1397 3557 1855 3628 vehementer
1902 3556 2220 3649 displicet
2272 3557 2451 3642 boc,
2504 3557 2694 3649 quod
2744 3558 2836 3628 de
2884 3559 3034 3631 suis

652 3654 992 3729 Pindarus
1025 3660 1247 3730 oculis
1277 3661 1701 3752 loqueretur,
1722 3661 1840 3730 ubi
1869 3681 2029 3730 eum
2054 3661 2379 3731 universe
2397 3660 2758 3732 hominum
2785 3663 3034 3734 oculos

653 3759 895 3830 dicere
948 3763 1332 3855 oportebat.
1426 3763 1566 3834 Sed
1622 3783 1883 3856 operae
1907 3763 2222 3855 -pretium
2284 3773 2391 3833 est
2442 3773 2657 3834 totam
2705 3775 3034 3857 repetere

654 3863 1019 3955 epistolam
1083 3866 1490 3937 Philostrati.
1579 3867 1708 3936 Est
1761 3874 1999 3958 *autem
2062 3865 2268 3936 haec:
2333 3865 2464 3962 τὴν
2523 3870 2822 3964 νεφέλην
2883 3870 3033 3940 τῶν

652 3964 948 4059 ὀφρύων
983 3970 1314 4064 ἀφαιρεῖν
1342 3970 1660 4061 ἄμεινον,
1707 3967 1800 4045 ῶς
1824 3966 2044 4063 μηδὲν
2077 3968 2380 4064 κατηφὲς
2414 3971 2518 4065 εἴη
2550 3996 2666 4040 σοι
2701 3971 2864 4064 περὶ
2900 3971 3036 4068 τὴν

656 4066 875 4161 ὤραν·
920 4071 1156 4140 αὐτῶν
1190 4097 1266 4141 τε
1298 4070 1430 4166 γάρ
1469 4072 1613 4142 τῶν
1648 4071 1854 4164 ὡρῶν
1887 4068 2132 4166 ἡδίους
2168 4077 2242 4140 αἱ
2278 4071 2635 4163 ὧνειμέναι
2670 4073 2789 4143 καὶ
2824 4077 3036 4163 γελῶ-

656 4189 805 4238 σαι·
858 4169 976 4239 καὶ
1020 4170 1104 4241 τό
1153 4171 1400 4250 κάλλος
1440 4171 1703 4268 ἡδονὴν
1742 4173 1961 4268 ὥςπερ
2013 4178 2088 4245 ἐκ
2128 4171 2526 4267 κατόπτρον
2570 4174 2908 4268 ἐμφαίνει
2941 4176 3036 4250 τὰ

529 4312 583 4365 p.
603 4271 781 4367 στῆς
814 4271 975 4365 περὶ
1011 4273 1110 4363 τῷ
1147 4269 1489 4367 προςῶποῳ
1515 4272 1844 4369 γαλήνης·
1884 4275 1975 4371 ἢν
2009 4278 2078 4346 εἰ
2106 4274 2206 4370 μὴ
2240 4275 2607 4362 onacho-nc,
2648 4278 2921 4373 ἄστρον
2956 4285 3033 4353 ἐν

648 4373 889 4468 ἁμέρᾳ
935 4372 1361 4466 βλεπόμενον
1398 4370 1637 4456 δόξεις.
1713 4378 1781 4446 εἰ
1811 4376 1884 4447 δὲ
1932 4382 2005 4449 ἐκ
2033 4373 2415 4471 .Πινδάρου
2449 4380 2705 4468 ταῦτα,
2749 4380 3034 4454 κάκεῖνό

651 4501 791 4548 που
827 4475 1007 4574 κατα
1037 4474 1391 4574 Πίὸαρον,
1431 4476 1516 4547 τὸ
1541 4476 1674 4573 τὴν
1699 4478 1958 4551 ’ἀκτῖνα
1984 4480 2116 4577 τὴν
2147 4477 2292 4549 ἀπό
2319 4481 2807 4576 σοιῖπηδῶσαν
2846 4480 3034 4558 εἶναι

646 4580 795 4649 τῶν
832 4577 1022 4670 ἐμῶν
1056 4578 1456 4670 ὀφθαλμῶν
1491 4580 1808 4675 μητέρα.ι
1843 4583 1961 4655 ·De
1998 4582 2337 4664 industria
2372 4582 2558 4654 hunc
2589 4581 3032 4680 βλεπόμενον
