3328 5326
649 368 673 427 l
690 370 767 429 62
1597 363 1798 427 AESG
1807 364 2074 427 HYLUS.

643 566 1161 641 commemoret,
1192 557 1499 649 cogitare
1534 556 1822 628 debebit
1859 578 1948 628 eo
1983 556 2267 630 nomine
2314 559 2543 651 potius
2586 558 2883 651 pharum
2923 558 3026 629 -si-

643 662 987 757 gnificari,
1027 662 1095 732 in
1133 681 1273 753 qua
1308 660 1868 753 accensusignis
1897 660 2199 733 navibus
2233 661 2368 731 iter
2395 672 2772 733 monstret..
2813 705 2818 714 ·

854 766 1016 836 Post
1068 788 1132 835 v.
1179 766 1300 834 30.
1340 763 1772 835 adnotatum
1820 774 1929 835 est
1991 763 2104 834 via
2157 764 2414 835 civium
2468 766 2539 836 in
2594 765 3025 836 orchestram

646 868 1257 964 prodire.ch0rum
1291 876 1362 939 et
1394 868 1661 938 circum
1695 866 2052 961 thymelen
2087 867 2466 962 ambulare.
2524 869 2615 938 At
2651 868 3027 940 ambulatio

646 974 951 1046 illaorta
968 981 1076 1043 est
1103 993 1196 1042 ex
1224 993 1407 1043 vano
1437 981 1840 1042 commento
1862 971 2154 1062 Mulieri,
2186 970 2539 1064 thymelen
2563 972 3030 1044 inorche‘stra

647 1077 859 1149 fuisse
889 1076 1217 1169 putantiS‚
1246 1097 1457 1168 quam
1484 1075 1563 1144 in
1582 1076 1813 1167 lignea
1847 1076 1961 1146 illa
1996 1074 2379 1161 orchestra,
2417 1097 2602 1168 quae
2636 1076 3031 1147 fabularum

646 1180 1081 1273 agendarum
1108 1200 1373 1251 caussa-
1412 1179 1927 1263 exstruebatur,
1966 1200 2097 1249 nec
2134 1179 2348 1251 fuisse
2385 1179 2617 1263 ullam,
2655 1189 2731 1249 et
2767 1180 2838 1248 in
2877 1179 3035 1272 qui-

645 1284 943 1355 busdam
981 1283 1269 1367 fabulis,
1294 1282 1500 1354 ,utin
1540 1281 1977 1368 Promethe0‚
2029 1283 2100 1351 in
2139 1282 2539 1367 Philocteta,
2591 1282 2676 1352 in·
2702 1282 3032 1376 Cyclope,

643 1409 734 1458 ne
770 1386 1082 1481 potuisse
1120 1385 1402 1479 quidem
1438 1407 1657 1471 anan,
1696 1396 1772 1457 nt
1807 1387 1876 1455 in
1914 1386 2088 1457 locis
2122 1386 2440 1471 desertiS‚
2495 1386 2810 1479 cogitari,
2867 1387 3036 1456 alibi

644 1491 1197 1562 demonstratum
1271 1501 1398 1560 est.
1506 1488 1946 1582 Anapaestos
1997 1489 2216 1560 chori
2277 1490 2702 1583 Droysenius
2777 1501 3035 1583 suopte

646 1595 929 1666 arbitrio
967 1596 1401 1685 tribus-quos
1439 1593 1639 1662 finxit
1675 1593 1869 1666 chori
1907 1594 2205 1666 ducibus
2240 1592 2609 1667 distribuit.

847 1698 1009 1769 Post
1045 1724 1101 1767 v.
1138 1699 1257 1769 82.
1291 1718 1384 1766 ex
1420 1696 1683 1768 foribus
1732 1698 1938 1791 regiis
1977 1698 2403 1790 processisse
2455 1697 2834 1789 accipimus
2888 1697 3034 1767 sol—

616 1802 944 1878 lemnem
995 1822 1325 1896 pompam
1389 1802 1801 1872 famularum
1861 1811 2136 1893 pateras
2187 1811 2260 1870 et
2315 1822 2562 1871 urceos
2617 1799 3029 1882 tenentium,

643 1927 827 1998 quae
870 1906 940 1975 in
992 1905 1418 1975 orchestram
1469 1904 1858 1975 descendat
1903 1902 2344 1975 sacrificandi
2394 1924 2670 1988 caussa3
2728 1904 2799 1973 in
2868 1925 3035 1998 pro-

645 2009 888 2080 scenio
925 2018 1158 2080 autem
1209 2027 1549 2101 apparere
1588 2008 2207 2101 Clytaemnestram
2244 2030 2404 2079 cum
2441 2008 2808 2092 comitatu,
2850 2028 3035 2099 quae

646 2114 814 2184 dum
866 2135 1067 2183 sacra
1121 2112 1361 2196 faciat,
1419 2112 1872 2205 pronuntiare
1933 2111 2228 2183 chorum
2287 2122 2727 2205 anapaestos.
2841 2111 3040 2182 Haec

646 2216 1012 2309 magnifica
1048 2216 1459 2288 luxuriantis
1494 2216 1754 2307 ingenii
1798 2225 2212 2299 commenta,
2252 2226 2543 2307 accepta
2579 2215 2694 2285 illa
2725 2235 2772 2284 a
2807 2214 3039 2307 Droy-

645 2322 866 2405 senio,
905 2322 1163 2413 pariter
1199 2329 1274 2390 ut
1301 2319 1688 2390 ambulatio
1742 2320 1927 2388 circa
1982 2318 2359 2411 thymelen,
2414 2317 2839 2389 alienissima
2874 2328 3043 2390 sunt

645 2445 687 2494 a
724 2424 1035 2493 Graecae
1073 2422 1476 2513 tragoediae
1527 2422 2001 2514 simplicitate:
2059 2443 2192 2492 nec
2229 2422 2289 2491 si
2324 2423 2478 2514 quis
2515 2431 2809 2514 quaerat
2846 2421 3042 2493 unde

645 2536 920 2619 sumpta
971 2525 1149 2609 sint,
1204 2517 1334 2593 erit
1385 2524 1574 2616 quod
1627 2524 2043 2617 responderi
2099 2525 2336 2618 possit.
2425 2526 2645 2612 Nemo
2698 2525 2832 2596 uisi
2886 2526 3043 2619 ipsa

645 2629 887 2722 regina
922 2629 1173 2722 prodit,
1213 2649 1424 2720 quam
1463 2627 1647 2698 duae
1687 2628 2102 2700 comitantur
2138 2629 2463 2714 famulae,
2502 2640 2580 2701 ut
2615 2650 2768 2700 mos
2808 2641 2939 2701 est.

851 2733 1063 2803 Sicuti
1103 2742 1256 2825 post
1294 2757 1352 2800 v.
1389 2730 1559 2803 345.
1600 2729 2022 2825 (numeros
2059 2755 2380 2825 sequor
2414 2755 2633 2825 quos
2680 2733 2762 2802 in
2810 2757 3043 2804 mar—

642 2838 846 2930 gine
883 2836 1185 2929 posuit
1221 2836 1650 2909 Franzius
1688 2835 2132 2908 edition-is
2166 2836 2924 2932 Wellauerianae)
2968 2849 3043 2908 et

646 2951 801 3034 post
854 2964 920 3010 v.
972 2942 1142 3012 600.
1189 2939 1416 3010 abitus
1445 2941 1448 2944 ’
1474 2939 2068 3032 Clytaemnestrae
2134 2950 2410 3012 notatus
2465 2950 2608 3025 est,
2666 2941 2768 3010 sic
2824 2942 3045 3012 etiam

643 3054 803 3138 post
838 3068 895 3113 v,
934 3044 1297 3117 572.‘eam
1331 3042 1561 3114 redire
1598 3043 2050 3115 indicandum
2086 3054 2254 3117 erat.
2601 3104 2604 3105 γ

847 3148 1009 3218 Ροεῖ
1048 3171 1113 3218 v.
1149 3147 1320 3218 756.
1351 3158 1672 3220 narratur
1709 3170 1802 3218 ex
1838 3148 2204 3240 Droysenii
2258 3146 2662 3217 inventione
2707 3146 2778 3216 in
2825 3169 3050 3219 curru

643 3249 1036 3344 triumphali
1072 3248 1670 3343 Agamemnonem
1705 3250 1961 3321 advehi
1997 3252 2069 3320 in
2105 3250 2571 3332 orchestram;
2611 3272 3047 3343 praeconeS,

642 3354 897 3424 milites
934 3352 1293 3439 hastamS,
1346 3355 1654 3426 iumenta
1698 3354 2037 3425 clitelaria
2086 3353 2327 3447 spoliis
2375 3362 2658 3437 onusta,
2710 3353 3063 3437 vehicula.

643 3476 802 3528 cum
841 3456 1124 3549 captiuis
1160 3458 1563 3529 mulieribus
1601 3458 1912 3528 Troianis
1961 3458 2235 3550 aliaque
2282 3455 2645 3540 advenire;
2704 3458 2774 3527 in
2825 3480 3055 3534 curru

643 3560 827 3653 regis
854 3559 1109 3631 sedere
1137 3560 1616 3631 Cassandram.
1670 3561 1846 3645 Quis
1876 3560 2050 3632 haec
2078 3561 2408 3631 miracula
2439 3558 2768 3631 tradidit?
2797 3584 3048 3635 nemo.

646 3666 858 3735 Immo
909 3686 1050 3735 non
1097 3664 1323 3735 solum
1377 3675 1564 3735 tacet
1599 3664 1691 3735 de
1727 3664 1835 3734 his
1873 3665 2082 3736 rebus
2119 3674 2350 3757 poeta,
2390 3663 2518 3734 sed
2555 3685 2647 3734 ex
2683 3675 2891 3758 parte
2931 3689 3053 3738 re·-

644 3771 819 3840 futat
868 3769 1077 3839 etiam
1128 3769 1335 3853 istum
1382 3777 1791 3861 apparatum
1840 3769 2009 3861 ipse.
2087 3768 2263 3838 Nam
2299 3767 2505 3838 istum
2542 3767 3053 3863 triumphalem

645 3892 956 3957 currum,
996 3894 1203 3964 quem
1250 3872 1507 3943 chorus
1545 3897 1601 3940 V.
1642 3869 1863 3941 4040.
1898 3871 2180 3964 ancipiti
2216 3871 2561 3943 vocabulo
2598 3870 2770 3960 ὄχον
2805 3885 3051 3961 vocat,

647 3973 1191 4066 Clytaemnestra
1239 3997 1305 4045 V.
1353 3977 1524 4046 885.
1579 3976 1800 4044 4009.
1854 3972 2134 4070 ἀπήνην
2189 3985 2260 4045 θῖ
2309 3997 2374 4043 v.
2433 3975 2651 4045 4029.
2701 3973 3050 4075 ἁμαξήρη

645 4074 923 4170 θρόνον
981 4078 1179 4163 dicit,
1232 4088 1308 4150 ut
1356 4098 1726 4149 commuue
1780 4078 2207 4162 vehiculum,
2264 4077 2453 4170 quali
2505 4077 2637 4146 iter
2687 4079 3056 4153 facientes

649 4190 965 4265 utuntur,
1031 4181 1243 4275 idque
1303 4181 1544 4252 nescio
1609 4202 1699 4250 an
1763 4182 1963 4253 mulis
2028 4182 2335 4253 iunctum
2394 4179 2681 4273 intelligi
2747 4182 3052 4257 debeat.

524 4306 622 4368 p.⁷
650 4283 844 4354 Unde
882 4305 1051 4354 vero
1092 4295 1441 4378 sumptum
1494 4294 1602 4355 est
1651 4283 1851 4369 illud,
1893 4287 1961 4354 in
2000 4285 2431 4357 orchestram
2466 4282 2838 4357 advectum
2878 4311 3057 4362 esse

642 4387 1282 4480 Agamemnonem-⁶?
1346 4387 1629 4458 Scilicet
1663 4387 1849 4459 aliud
1884 4410 1982 4459 ex
2016 4389 2150 4459 alio
2188 4399 2657 4458 commentum
2696 4392 3053 4465 nascitur.
3125 4477 3132 4481 ‚

645 4492 831 4576 Quia
850 4512 1016 4562 ..cum
1056 4491 1370 4562 exercitu
1407 4492 1812 4584 ingentique
1838 4493 2172 4564 comitatu
2209 4490 2870 4584 impedimentorum
2899 4498 3060 4569 ad-

647 4596 923 4667 venisse
963 4615 1093 4667 rex.
1120 4593 1309 4664 visus
1341 4605 1471 4678 est,
1503 4614 1642 4665 non
1670 4596 1838 4669 satis
1866 4597 2066 4690 spatii
2097 4605 2199 4665 tot
2224 4594 2645 4678 hominibus,
2677 4596 3055 4689 iumentis,
