3328 5326
716 408 838 468 344
1736 410 2066 472 HYMNUS.

1326 599 1769 692 Εὐφαμείτω
1804 601 1939 678 πάς
1975 596 2225 697 αιθήρ,

1324 702 1409 796 γῆ
1447 703 1563 772 καὶ
1598 703 1860 781 πόντος
1895 704 2010 773 καὶ
2045 702 2311 774 πνοιαί·

1329 805 1539 899 οὔρεα
1575 810 1843 897 τέμπεα
1881 805 2167 896 σιγάτω,
2272 852 2281 860 -

1326 903 1483 1004 ἦχοι
1521 907 1828 1001 φθόγγοι
1863 911 1917 980 τ’
1960 908 2298 1004 ὀρνίθων.

1228 1014 1271 1081 5
1326 1013 1550 1101 μέλλει
1583 1011 1715 1106 γὰρ
1752 1011 1928 1107 πρὸς
1963 1012 2147 1106 ἡμᾶς
2181 1011 2448 1104 βαίνειν

1438 1118 1704 1207 Φοῖβος
1739 1110 2207 1210 ἀκερσεκόμας
2243 1116 2516 1204 ἀχέτας.

1330 1216 1875 1313 Χιονοβλεφάρε
1909 1216 2127 1312 πάτερ
2160 1218 2402 1305 Ἀοῦς,

1328 1318 1712 1416 ροδόεσσαν
1751 1321 1829 1397 ὃς
1865 1320 2128 1411 ἄντυγα
2167 1319 2412 1391 πώλων

1328 1427 1623 1499 πτανοῖς
1657 1423 1768 1493 ὑπ’
1810 1424 2069 1512 ι”χνεσσι
2105 1419 2369 1500 διώκεις

1179 1528 1269 1595 ’10
1324 1528 1727 1619 χρυσέαισιν
1765 1524 2231 1617 ἀγαλλόμενος
2264 1522 2542 1616 κόμαις,

1326 1630 1482 1724 περὶ
1519 1628 1747 1698 νῶτον
1784 1628 2142 1724 ἀπείριτον
2179 1628 2485 1722 οὐρανοῦ

1327 1731 1578 1801 ἀκτῖνα
1610 1732 2110 1825 πολύστροφον
2147 1732 2535 1823 ἀμπλέκων,

1328 1836 1563 1923 αἴγλας
1597 1834 2012 1929 πολυδερκέα
2048 1833 2276 1923 παγὰν

1326 1936 1485 2032 περὶ
1517 1942 1726 2027 γαῖαν
1764 1938 2044 2008 ἅπασαν
2079 1935 2392 2008 ἑλίσσων.

1176 2043 1267 2112 ’15
1319 2040 1637 2132 ποταμοὶ
1674 2039 1751 2110 δὲ
1787 2040 1994 2111 σέθεν
2029 2037 2252 2133 πυρὸς
2287 2036 2653 2134 ἀμβρότου
2765 2092 2770 2097 ·

1322 2143 1682 2215 τίκτουσιν
1717 2138 2068 2238 ἐπήρατον
2103 2143 2399 2236 ἁμέραν.

1321 2246 1438 2317 σοὶ
1473 2246 1602 2337 μὲν
1637 2244 1847 2339 χορὸς
1881 2245 2108 2323 εὔδιος
2144 2247 2455 2339 ἀστέρων

1322 2350 1462 2422 κατ’
1493 2349 1853 2438 Ὄλυμπον
1891 2348 2157 2424 ἄνακτα
2190 2343 2461 2443 χορεύει

1323 2452 1577 2521 ἄνετον
1611 2453 1819 2541 μέλος
1856 2451 2005 2521 αἰὲν
2042 2449 2317 2539 ἀείδων,

1169 2556 1264 2627 20
1330 2556 1663 2648 Φοιβηΐδι
1696 2551 2125 2647 τερπόμενος
2158 2550 2361 2647 λύρᾳ·

1320 2656 1579 2747 γλαυκὰ
1616 2656 1689 2727 δὲ
1724 2654 2033 2751 πάρονθε
2073 2653 2353 2728 Σελάνα

1321 2757 1580 2855 χρόνον
1619 2759 1835 2855 ὥριον
1873 2760 2275 2852 ἀγεμονεύει

1320 2863 1575 2935 λευκῶν
1609 2862 1753 2934 ὑπὸ
1791 2856 2103 2956 σύρμασι
2134 2860 2452 2954 μόσχων,

1319 2964 1620 3057 γάνυται
1656 2966 1730 3038 δὲ
1761 2967 1846 3039 τέ
1874 2971 1944 3037 οἱ
1980 2962 2142 3043 νόος
2175 2965 2465 3061 εὐμενὴς

1141 3072 1269 3147 25
1323 3067 1755 3160 πολυείμονα
1791 3067 2057 3160 κόσμον
2093 3067 2408 3140 ἑλίσσων.

705 3175 785 3245 V.
841 3179 907 3246 5
962 3176 1320 3247 Bnnncxms
1380 3175 1451 3244 in
1515 3171 1871 3244 Analectis
1923 3173 1993 3242 T.
2034 3173 2112 3243 II.
2167 3194 2236 3265 p.
2277 3172 2448 3244 253.
2501 3182 2743 3242 tacens
2807 3169 3059 3264 sempsit

703 3280 933 3370 μέλλει
966 3276 1040 3348 δὲ
1073 3276 1249 3372 πρὸς
1284 3278 1471 3374 ἡμᾶς
1504 3276 1804 3367 βαίνειν,
1840 3277 2047 3347 metri
2095 3295 2375 3358 caussa,
2421 3273 2635 3345 eredo
2673 3274 2866 3367 quod
2901 3273 2970 3345 δὲ
2992 3281 3060 3342 et

704 3379 837 3475 γὰρ
876 3381 1250 3473 permutari
1286 3381 1516 3455 sciret.
1603 3372 1693 3450 At
1727 3378 1801 3450 id
1836 3380 1926 3451 ab
1962 3378 2100 3449 hoc
2137 3379 2293 3448 loco
2331 3377 2631 3450 alienum
2668 3388 2796 3449 est.
2905 3376 3062 3447 Nam

707 3484 821 3553 illa
876 3482 951 3554 δὲ
997 3484 1376 3575 paniculae
1426 3491 1771 3575 potestaS,
1824 3482 1916 3552 ob
1967 3495 2170 3573 quam
2224 3481 2367 3552 visa
2416 3490 2526 3554 est
2568 3503 2696 3574 pro
2741 3479 2875 3577 γὰρ
2916 3477 3063 3574 poni

707 3607 940 3681 posse,
978 3586 1282 3679 elliptica
1320 3595 1448 3669 est,
1487 3586 1749 3657 omissa
1781 3586 2125 3657 contraria
2161 3585 2525 3657 sententia.
2597 3584 2837 3677 Itaque
2874 3583 2931 3656 si
2952 3583 3063 3654 ,hic

708 3690 814 3762 δὲ
830 3689 1183 3774 scribitur,
1237 3699 1349 3759 est
1398 3688 1471 3760 id
1513 3711 1648 3759 non
1693 3687 1870 3758 enim
1892 3711 2034 3761 κον,
2068 3695 2412 3772 venturus,
2450 3687 2569 3759 sed
2599 3695 2914 3760 venturus
2948 3693 3061 3757 est:

706 3814 890 3885 quae
926 3802 1036 3863 est
1072 3792 1476 3865 affirmantis
1514 3793 1758 3875 oratio,
1795 3813 1937 3861 non
1964 3793 2304 3865 rationem
2328 3790 2714 3863 reddentis.
2773 3787 3064 3862 Iudicavi

704 3895 881 3981 hoc,
935 3895 1060 3967 sed
1113 3896 1510 3980 obscurius,
1564 3895 1655 3965 ad
1693 3880 1945 3987 Vigerii
1996 3894 2245 3967 librum
2297 3893 2530 3965 adnot.
2574 3893 2748 3965 343.
2792 3895 2860 3966 b.
2938 3892 3064 3963 Aut

701 3997 837 4092 γὰρ
874 4000 990 4073 hic
1028 3998 1164 4071 dici
1202 3999 1469 4084 debuit,
1508 4008 1629 4071 aut
1663 3999 1870 4090 plane
1908 3999 2126 4071 omitti
2162 3999 2518 4090 particula.
2549 4039 2650 4052 --
2688 3997 2767 4067 V
2804 4001 2870 4068 6.
2910 4016 3063 4068 vero

705 4111 898 4175 reete
934 4103 1291 4175 Bnuncxms
1337 4103 1585 4190 ἀχέτας
1631 4102 1897 4194 posuit,
1948 4100 2136 4194 qnod
2185 4123 2360 4172 unus
2398 4101 2632 4173 codex
2664 4101 2910 4172 habet:
2964 4098 3063 4169 alii

705 4204 862 4275 libri
898 4204 1180 4292 εὐχέτας
1216 4214 1288 4275 et
1321 4203 1675 4293 εὐχαίτας,
1725 4226 1966 4297 parum
2007 4214 2168 4298 apto
2203 4204 2316 4277 hic
2354 4205 2665 4297 epitheto
2704 4214 2778 4275 et
2813 4200 3064 4274 insuavi

634 4310 640 4316 ’
707 4307 1026 4381 catalexi.
1082 4347 1180 4358 -—
1239 4308 1314 4377 V.
1361 4310 1475 4378 ⁴3.
1519 4319 1912 4380 servaverat
1965 4310 2319 4378 Bnumnus
2371 4309 2826 4402 πολυκερδέα,
2881 4302 3061 4400 quasi

709 4410 799 4481 de
837 4408 1087 4480 caloris
1138 4408 1423 4482 effectu:
1475 4409 1604 4481 sed
1637 4412 1855 4482 multo
1892 4412 2119 4506 aptius
2156 4411 2269 4481 alii
2306 4410 2593 4482 codices
2629 4409 3052 4504 πολυὸεριέα.

708 4511 1109 4606 Comparari
1146 4531 1305 4581 cum
1336 4512 1445 4583 his
1473 4512 1815 4607 Orphicus
1852 4515 2149 4608 hymnus
2186 4514 2255 4583 in
2289 4514 2517 4585 Solem
2558 4523 2819 4608 potest:
2859 4508 3058 4583 omni-

698 4638 934 4710 noque
988 4612 1106 4705 qui
1161 4614 1428 4705 singula
1463 4616 1772 4710 Dionysii
1807 4619 2023 4690 verba
2075 4617 2425 4711 explicare
2478 4617 2812 4702 voluerit,
2860 4613 3054 4685 multa
