3328 5326
607 375 614 380 '
707 366 728 423 l
748 359 825 424 lt
1638 355 2116 426 AESCHYLUS.

700 555 836 625 iam
890 554 1002 634 alii
1053 553 1377 624 viderunt
1429 552 1681 625 deesse
1736 573 1819 625 ea
1840 608 1857 637 ‚
1885 576 2094 646 -quae
2149 554 2240 625 de
2293 554 2768 625 coniuratione
2824 562 3069 623 contra

698 678 940 751 magos
978 656 1164 728 dicta
1210 665 1439 740 erant,
1479 657 1549 726 in
1585 658 1836 750 quibus
1872 658 2152 728 nomina
2187 659 2412 752 posita
2445 659 2728 728 fuerunt
2759 651 3068 749 quinque

698 760 1132 855 priorumde
1168 761 1575 844 coniuratis,
1613 762 1733 853 qui
1786 761 2027 832 falsum
2070 761 2421 847 Smerdin‚
2458 760 2810 833 hominem
2847 759 3074 831 veiis-

698 865 871 935 sime
907 860 1283 952 ὑπόξυλον,
1324 864 1844 935 obtruncarunt.

1182 1580 1300 1663 DE
1350 1533 1887 1663 ΡΒΟΜΕΤΗΕΟ
1938 1533 2485 1712 Ausci-inm.
2500 1583 2570 1681 »ἢ
2677 1651 2682 1654 Α
2787 1635 2792 1640 .
2913 1627 2920 1640 ,

572 1839 624 1891 Ρ,
645 1832 672 1877 3
900 1792 1112 1863 Aetas
1145 1803 1385 1863 nostra
1404 1847 1422 1879 ,
1470 1785 1836 1885 postquam
1873 1800 1944 1862 et
1977 1791 2427 1887 philosophos
2464 1802 2535 1863 et
2569 1792 2939 1885 theologos
2979 1794 3076 1864 ad

690 1896 847 1966 avia
901 1916 1309 1989 progressos
1357 1895 1564 1981 vidit,
1613 1895 2106 1968 fluctuantibus
2152 1896 2396 1966 animis
2445 1893 2541 1966 ita
2586 1897 2655 1965 in
2703 1896 3076 1968 diversum

693 1997 1015 2079 trahitur,
1075 2009 1153 2071 ut
1200 2000 1316 2070 alii
1351 2000 1537 2070 omni
1573 1998 1910 2092 religione
1958 1999 2223 2069 animos
2273 2000 2646 2070 exsolvere
2687 2010 3079 2086 conentur,

664 2103 805 2173 alii
836 2112 1105 2187 autem,
1140 2097 1416 2173 sive‘illi
1453 2121 1545 2173 ex
1582 2103 1848 2187 anim0‚
1888 2101 2040 2173 sive
2075 2102 2455 2174 consultius
2491 2103 2656 2185 rati,
2694 2104 2933 2178 omnia
2978 2104 3080 2175 ad

693 2206 1097 2299 religionem
1134 2208 1463 2286 referant,
1534 2207 1609 2275 In
1645 2205 1753 2276 his
1789 2206 1999 2278 etiam
2034 2205 2367 2299 philologi
2405 2205 2710 2298 quidam,
2747 2207 3079 2278 similiter

691 2320 769 2381 ut
816 2309 980 2380 olim
1050 2317 1286 2403 patres
1335 2310 1708 2393 ecclesiae,
1771 2305 1957 2402 apud
2008 2318 2286 2380 veteres
2337 2309 2760 2384 Graecorum
2816 2321 3081 2405 poetas

690 2414 1260 2506 praesensionem
1307 2412 1680 2505 quamdam
1718 2412 1772 2481 si
1783 2413 1848 2482 bi
1886 2413 2212 2483 videntur
2248 2413 2675 2486 Christianae
2711 2414 3082 2507 religionis

690 2515 1024 2586 invenire.
1117 2516 1451 2587 Nimirum
1500 2517 1790 2599 veritaS,
1831 2515 2041 2588 cuius
2096 2517 2249 2586 fons
2302 2526 2409 2586 est
2439 2517 2522 2585 in
2566 2517 2875 2602 ratione,
2926 2541 3085 2591 non

691 2620 818 2692 fuit
855 2619 987 2690 alia
1024 2628 1185 2691 ante
1224 2619 1565 2692 Christum
1602 2641 1812 2712 quam
1847 2639 2032 2690 nunc
2079 2631 2238 2699 estz·
2270 2617 2512 2714 religio
2564 2631 2797 2693 autem
2820 2677 2837 2704 ‚
2878 2644 3079 2715 quae

690 2723 974 2816 quidem
1027 2724 1258 2795 divina
1303 2725 1422 2810 sit,
1473 2745 1614 2794 non
1656 2732 1890 2816 potest
1917 2744 2071 2799 &non
2111 2725 2508 2795 consentire
2544 2746 2703 2796 cum
2738 2726 3076 2798 veritate.

690 2827 893 2912 Quod
947 2828 1005 2898 si
1058 2839 1327 2899 veteres
1384 2828 1478 2896 illi
1532 2828 1625 2897 de
1683 2826 2095 2919 quibusdam
2157 2827 2367 2899 rebus
2419 2828 2512 2898 ita
2564 2838 2641 2898 ut
2695 2828 3083 2901 Christiani

689 2934 1080 3018 senserunt,
1111 2926 1480 3003 senserunt
1514 2930 1608 3000 issi
1644 2928 1927 3022 quidem
1956 2950 2148 3014 vera,
2179 2930 2308 3001 sed
2342 2952 2483 3002 non
2518 2946 3085 3024 praesenserunt

688 3035 1076 3107 doctrinam
1113 3036 1591 3109 Christianam.
1648 3035 1844 3118 Quae
1880 3034 1999 3125 qui
2034 3035 2456 3126 permiscent
2489 3056 2631 3104 non
2667 3036 2922 3108 mirum
2962 3050 3084 3110 est

688 3140 746 3210 si
784 3132 1586 3232 denique'adducuntur,
1625 3148 1703 3209 ut
1740 3156 1966 3231 paene
2002 3136 2423 3208 Christianos
2460 3139 2594 3208 sibi
2628 3137 2900 3232 fingant
2939 3163 3081 3214 eos

687 3243 805 3336 qui
855 3243 1087 3315 multis
1143 3254 1304 3313 ante
1352 3242 1700 3313 Christum
1749 3240 2047 3311 saeculis
2108 3234 2404 3312 fuerunt.
2514 3242 2593 3312 Id
2642 3244 2907 3314 factum
2960 3257 3083 3318 est

685 3369 908 3441 nuper
943 3348 1032 3416 ab
1070 3346 1150 3416 iis
1187 3347 1301 3438 qui
1342 3344 1432 3416 de
1470 3342 1702 3416 fabula
1736 3342 2127 3415 Promethei
2160 3345 2608 3438 scripserunt.
2661 3346 2770 3416 Ex
2805 3348 3083 3438 quihus

689 3450 757 3521 C.
800 3452 870 3521 L.
914 3450 1465 3532 SchoemannuS,
1503 3447 1944 3517 vireximiae
1980 3446 2385 3518 eruditionis
2417 3448 3083 3545 elegantissimique

686 3553 952 3636 iudicii,
1018 3573 1229 3642 quum
1284 3551 1353 3620 in
1395 3550 1727 3642 Aeschyli
1793 3549 2151 3642 tragoedia
2205 3552 2692 3624 Prometheum
2759 3553 3085 3631 admira-

684 3658 895 3728 bilem
930 3675 1088 3724 esse
1124 3654 1365 3724 invicti
1412 3653 1621 3725 animi
1674 3646 2064 3736 altitudine,
2077 3654 2348 3725 -Iovem
2395 3652 2626 3726 autem
2664 3679 2805 3728 non
2842 3660 3079 3732 modo

683 3761 1163 3828 immemorem
1210 3752 1482 3850 accepti
1525 3755 1879 3841 beneficii,
1919 3756 2043 3827 sed
2079 3754 2288 3831 etiam
2326 3778 2617 3830 saevum
2652 3771 2860 3854 atque
2903 3784 3083 3836 cru-

687 3861 916 3930 delem
965 3860 1274 3955 videret,
1326 3860 1811 3931 molestissime
1876 3861 2029 3932 tulit
2076 3860 2232 3933 hos
2261 3883 2523 3946 meree,
2582 3864 2773 3956 quod
2825 3887 3083 3960 neque

687 3963 1038 4055 religionis
1078 3950 1266 4035 tanta
1302 3958 1726 4058 perversitas
1760 3982 1936 4034 esse
1954 3966 2273 4056 potuerit,
2312 3976 2389 4041 ut
2424 3988 2735 4038 summus
2763 3968 3082 4042 deorum

685 4060 1041 4158 improbus
1076 4088 1235 4138 esse
1270 4066 1706 4151 crederetur,
1742 4088 1971 4159 neque
2006 4062 2366 4161 Aeschyli,
2407 4091 2615 4161 quem
2658 4073 2898 4164 poesis
2933 4094 3083 4147 sua

686 4171 1320 4243 reverentissimum
1382 4171 1498 4242 dei
1560 4170 1998 4256 ostenderet,
2053 4173 2406 4243 temeritas
2470 4182 2693 4258 tanta,
2761 4185 2836 4245 ut
2901 4178 3081 4248 reli-

628 4265 963 4364 ‘'‘gionem
999 4274 1232 4366 populi
1270 4266 1569 4347 ludibrio
1605 4273 1913 4345 haberet.
1988 4275 2227 4368 Itaque
2276 4282 2352 4347 ut
2395 4276 2585 4368 pium
2637 4287 2923 4370 poetam
2972 4282 3077 4354 ab

684 4376 1053 4470 impietatis
1102 4377 1581 4449 criminatione
1621 4377 2035 4463 vindicaret,
2089 4400 2230 4449 non
2282 4379 2506 4451 solum
2559 4381 2650 4452 de
2696 4384 3078 4476 tragoedia

852 4595 905 4680 *)
944 4593 1126 4658 Edita
1156 4572 1335 4658 esta.
1372 4597 1555 4658 ⁴845.
