3328 5326
1269 359 1776 422 THEOCBITUS.
2586 359 2711 422 327

327 552 420 629 ὠς
456 548 681 629 κεῖνός
714 553 768 642 γ’
809 549 1125 645 ἀγόρευε,
1167 560 1240 622 ut
1274 549 1388 621 ille
1424 550 1691 645 quidem
1727 549 2005 621 dicebat.
2089 549 2361 621 Abesse
2396 552 2582 622 enim
2624 551 2712 622 ab

322 655 416 733 ὠς
454 653 668 725 debet
703 666 1056 728 accentus,
1291 677 1298 688 ⁸
1974 647 1983 658 ”

531 774 609 844 V.
649 778 816 846 185.
858 774 1024 844 mihi
1073 795 1368 866 quoque·
1404 796 1563 846 cum
1604 775 1960 867 Lennepio
2003 772 2225 846 λύκων
2261 774 2316 844 τ’
2361 772 2711 867 ὀλοφώϊον

322 878 538 955 ἔθνος
574 878 1022 949 scribendum
1062 877 1357 950 videtur.
1451 878 1631 948 Nihil
1682 877 1773 948 ad
1825 877 2343 949 defendendam
2382 878 2710 948 librorum

322 982 737 1076 scripturam
778 982 945 1052 facit
980 993 1563 1053 commemoratus
1602 1003 1642 1052 a
1669 982 2002 1052 Dorvillio
2041 981 2129 1053 ad
2161 981 2419 1053 Charit.
2444 1004 2508 1074 p.
2538 984 2708 1052 351.

332 1083 442 1179 (41
467 1083 536 1179 3)
586 1084 1036 1158 Casaubonus
1075 1085 1165 1156 ad
1200 1085 1661 1179 Theophrasti
1702 1085 1900 1157 Char.
1934 1087 2054 1158 21.

533 1204 610 1274 V.
658 1206 827 1277 192.
871 1228 997 1298 pro
1034 1206 1317 1276 soloeco
1354 1207 1806 1300 προςελέξατο
1852 1206 2003 1275 sine
2041 1204 2474 1276 dubitatione
2513 1204 2716 1275 resti-

324 1319 527 1380 tuere
556 1308 863 1379 debebat
890 1308 1274 1379 Meinekius
1302 1305 1823 1402 προςπτύξατο,
1858 1308 2048 1400 quod
2089 1310 2303 1378 latere
2341 1309 2411 1377 in
2449 1308 2714 1379 codicis
2735 1332 2782 1383 p·
2806 1320 2905 1369 ⁹⁷⁸

324 1411 865 1483 Mediolanensis
902 1412 1243 1506 scriptura
1281 1409 1763 1506 προςαλύξατο
1803 1413 2259 1483 intellexerat.

529 1532 609 1602 V.
643 1533 816 1604 203.
856 1554 1000 1603 non
1035 1543 1199 1604 sunt
1235 1531 1502 1602 ferendi
1538 1531 1609 1600 hi
1646 1533 1947 1604 numeri:

638 1642 717 1707 οἳ
743 1639 907 1708 ἕθεν
946 1634 1313 1726 ἀγχίμολοι
1347 1641 1552 1706 ναῖον
1590 1634 1858 1732 ἄτλητα
1893 1631 2276 1713 παθόντες.

320 1741 480 1812 Duo
545 1740 828 1810 codices
894 1739 1211 1830 ἄγχιστα.
1336 1738 1878 1809 Mediolanensis
1943 1738 2235 1828 ἄγχιστα
2299 1733 2708 1832 πρόςναιον,

321 1844 515 1937 quod
570 1853 678 1914 est
730 1843 1145 1913 correctoris
1201 1843 1407 1912 etiam
1466 1843 1669 1935 peius
1716 1843 1949 1913 versui
2006 1842 2451 1912 consulentis
2531 1841 2714 1933 Scri-

316 1948 664 2019 bendum:

637 2056 716 2122 οἲ
743 2053 909 2121 ἕθεν
948 2047 1313 2140 ἀγχίμολοι
1350 2055 1556 2118 ναῖον
1595 2046 1938 2143 ὃύςτλητα
1976 2046 2360 2125 παθόντες.

530 2170 610 2240 V.
654 2172 826 2242 212.
872 2170 1170 2240 servavit
1207 2168 1591 2240 Meinekius
1628 2171 2025 2262 vulgatum:

636 2272 716 2370 δὴ
756 2270 915 2343 τότε
956 2269 1164 2354 τόξον
1200 2272 1369 2343 ἑλών
1409 2273 1715 2367 στρεπτῇ
1751 2274 2095 2344 ἐπέλασσα
2131 2273 2400 2367 κορώνῃ

637 2373 981 2473 νευρειήν,
1024 2374 1184 2469 περὶ
1220 2376 1283 2445 δ’
1325 2374 1437 2446 ι’ὸν
1473 2377 1843 2465 ε’χέστονον
1879 2372 2092 2470 εἶθαρ
2133 2375 2373 2473 ἔβησα.

315 2481 415 2553 At
469 2503 700 2574 neque
764 2478 1033 2575 νευρειὴ
1100 2479 1260 2549 alibi
1315 2479 1677 2550 inventum
1731 2488 1870 2564 est,
1925 2501 2057 2552 nec
2122 2478 2279 2573 περὶ
2344 2478 2715 2550 commode

314 2594 555 2682 potest
605 2584 976 2678 explicari,
1018 2593 1087 2653 et
1125 2584 1193 2651 in
1233 2583 1479 2655 codice
1518 2584 1917 2654 Florentino
1955 2606 2081 2678 pro
2136 2583 2391 2652 ultImis
2436 2582 2716 2653 duobus

313 2683 567 2762 verbis
611 2697 718 2759 est
768 2689 1216 2784 εἰςανέβησα,
1275 2689 1343 2757 in
1395 2688 1545 2758 aliis
1599 2699 1831 2759 autem
1887 2687 2107 2758 tribus
2163 2677 2364 2757 libris
2403 2686 2595 2782 παρὰ
2648 2696 2720 2756 et

316 2791 778 2890 εἰςανοὶβησα,
822 2791 892 2860 in
929 2791 1264 2861 Vaticano
1304 2792 1608 2884 denique
1646 2790 1917 2888 νευρειή
1958 2791 2311 2886 περιὸικὸν
2349 2793 2718 2879 ε’χέστονον

314 2898 692 2993 εὐσέβησα.
770 2894 881 2965 Ex
915 2893 1024 2965 his
1061 2894 1225 2964 licet
1263 2894 1509 2965 coniici
1548 2916 1790 2965 veram
1831 2895 2241 2989 scripturam
2279 2915 2469 2963 esse:

637 2997 718 3095 δὴ
756 2995 921 3067 τότε
955 2995 1166 3079 τόξον
1202 2997 1372 3067 ἑλών
1412 2999 1716 3093 στρεπτῇ
1751 2999 2095 3069 ἐπέλασσα
2131 2995 2402 3091 κορώνῃ

636 3099 917 3198 νευρήν,
960 3100 1048 3194 τῇ
1087 3101 1147 3168 δ’
1189 3099 1363 3195 ὕπερ
1404 3099 1515 3170 ἰὸν
1551 3100 1919 3189 ε’χέστονον
1957 3096 2166 3194 εἶθαρ
2207 3099 2447 3195 ἔβησα.

530 3222 608 3291 V.
652 3223 826 3294 215.
869 3242 1009 3292 non
1068 3219 1373 3290 debebat
1423 3242 1517 3290 ex
1564 3220 1725 3291 cod.
1774 3219 1924 3290 Vat.
1974 3219 2183 3290 scribi
2237 3214 2462 3311 πάρος
2510 3216 2588 3287 τί
2628 3245 2718 3308 με

317 3332 554 3399 κεῖνον
605 3327 915 3396 ἰδέσθαι.
1010 3323 1285 3396 Nullum
1336 3324 1448 3394 hic
1505 3346 1702 3395 usum
1752 3323 1962 3394 habet
2011 3352 2109 3394 τι.
2193 3320 2562 3392 Verissima
2611 3333 2719 3391 est

316 3431 609 3523 vulgata
645 3425 872 3525 πάρος
905 3429 960 3518 γ’
1001 3426 1122 3518 ἐμὲ
1160 3434 1387 3498 κεῖνον
1427 3428 1734 3498 ἰδέσθαι.

533 3549 611 3619 V.
646 3551 820 3622 216.
853 3549 1152 3618 molesta
1181 3560 1290 3619 est
1314 3550 1597 3640 vulgata
1625 3547 1971 3641 scriptura
2006 3546 2122 3617 καὶ
2161 3547 2308 3617 οὐδ’
2352 3545 2487 3639 ὅπῃ
2530 3548 2717 3635 ἴχνια

319 3661 481 3725 τοῖο
522 3653 940 3748 φρασθῆναι
977 3646 1328 3748 δυνάμην,
1372 3660 1900 3745 praestaretque
1929 3652 2014 3722 Is.
2049 3649 2272 3722 Vossii
2314 3649 2717 3720 coniectura

320 3759 493 3829 οὐδέ
525 3784 660 3850 πῃ,
705 3756 834 3825 nisi
873 3755 1159 3826 codices
1198 3754 1482 3832 οὐδενὸς
1520 3758 1710 3843 ἴχνια
1748 3761 1915 3825 τοῖα
1952 3754 2405 3848 praeberent,
2447 3773 2540 3822 ex
2576 3772 2717 3844 quo

319 3859 439 3931 καὶ
477 3858 763 3936 οὐδενὸς
798 3862 986 3949 ἴχνια
1020 3858 1226 3930 τοίου
1264 3857 1713 3929 scribendum
1755 3858 2049 3929 videtur.

533 3963 612 4032 V.
657 3964 828 4035 222.
872 3962 999 4063 etsi
1054 3962 1194 4035 duo
1249 3962 1534 4033 codices
1581 3960 1750 4056 πρίν
1799 3962 1853 4051 y’
1909 3963 2114 4032 ἰδέειν
2160 3958 2716 4052 suppeditarunt,

325 4078 594 4152 tamen,
652 4078 725 4137 ut
778 4067 845 4135 in
895 4067 1190 4137 formula
1243 4067 1331 4136 ab
1370 4065 1670 4159 antiquis
1708 4065 1926 4158 epicis
1963 4075 2287 4158 accepta,
2327 4065 2717 4156 praeferam

319 4171 672 4263 vulgatum
717 4168 885 4264 πρὶν
922 4171 1153 4241 ἰδεέιν.
1221 4252 1226 4255 ,

535 4274 613 4344 V.
667 4275 842 4346 228.
903 4272 1247 4344 assentior
1320 4273 1666 4344 Meinekio
1739 4272 2171 4343 Valckenarii
2244 4272 2719 4362 conjecturam

331 4378 654 4470 probanti
705 4381 778 4448 ἐν
832 4376 1000 4472 δρίῳ
1053 4373 1335 4472 ὑλήεντι
1392 4398 1515 4468 pro
1567 4381 1642 4448 ἐν
1680 4374 1809 4472 ρ’ἰῳ
1846 4373 2149 4472 ὑλήεντι.
2230 4375 2715 4446 Correctorum

330 4481 517 4551 enim
555 4501 714 4552 esse
750 4481 1049 4564 videtur,
1089 4480 1277 4571 quod
1317 4479 1385 4550 in
1426 4480 1787 4552 codicibus
1825 4487 1956 4563 est,
1995 4483 2069 4550 ἐν
2106 4478 2350 4574 τρίβῳ.

538 4584 613 4654 V.
658 4585 831 4656 236.
872 4604 1015 4653 non
1053 4595 1245 4653 recte
1283 4583 1678 4676 procedunt
1714 4583 1927 4654 haec:
