3328 5326
710 342 733 401 l
751 342 831 401 86
1657 339 2123 403 SOPHOCLES.

707 543 937 602 tamen
976 542 1120 616 est,
1159 531 1348 624 quod
1387 552 1526 601 non
1564 531 1815 603 eadem
1851 542 1959 603 est
1995 532 2265 605 illorum
2300 533 2475 604 ratio
2512 543 3048 626 anapaestorum,

703 636 821 728 qui
860 635 1361 729 antistropham
1401 645 1805 727 sequuntur.
1864 636 1986 706 Est
2012 634 2294 727 quidem
2325 635 2416 706 ibi
2446 657 2724 729 quoque
2752 657 2882 707 sex
2906 657 3050 706 ver—

703 761 936 823 suum,
976 760 1152 831 quos
1190 738 1684 832 Neoptolemus
1721 737 1921 821 dicit,
1972 749 2308 831 systema,
2349 741 2571 810 eiecto
2608 749 3050 822 monometro‚

702 864 908 935 quem
961 852 1032 912 et
1087 852 1369 936 propter
1429 843 1644 912 verba
1698 853 1769 913 et
1832 842 2240 914 auctoritate
2291 842 2584 927 codieiS,
2649 863 3052 936 quamquam

705 946 928 1029 uniuS,
968 945 1342 1016 delendum
1380 944 1713 1030 iudicavi,
1752 944 1877 1016 sed
1928 945 2358 1039 praecedunt
2392 957 2532 1017 tres
2573 968 2853 1032 versuS,
2891 969 3056 1039 quo-

706 1071 851 1119 rum
890 1070 1068 1119 unus
1105 1059 1175 1119 et
1211 1047 1606 1121 dimidiatus
1644 1049 2111 1142 Neoptolemi,
2152 1051 2392 1121 tertius
2437 1050 2633 1121 chori
2670 1060 2798 1121 est.
2883 1049 3052 1135 Quid

702 1151 931 1245 igitur,
961 1152 1020 1222 si
1056 1152 1344 1223 totidem
1373 1163 1640 1236 versuS,
1680 1152 1797 1245 qui
1827 1153 1957 1223 illis
1987 1152 2493 1245 responderint,
2525 1163 2680 1247 post
2707 1153 3056 1246 stropham

700 1254 1163 1332 exciderunt?
1242 1255 1317 1328 Id
1371 1256 1432 1325 si
1480 1256 1736 1332 factum
1784 1267 1929 1340 est,
1985 1256 2191 1330 facile
2229 1257 2581 1349 quomodo
2636 1257 2893 1350 negligi
2924 1261 3056 1350 ¹flo-

581 1389 631 1438 ρ.
654 1377 678 1424 ⁴
705 1357 956 1429 tuerint
992 1359 1325 1453 explicari
1362 1369 1611 1452 potest..
1673 1357 1842 1429 Nam
1881 1383 2093 1451 quum
2129 1357 2424 1451 νῦνμὲν
2459 1357 2676 1458 prima
2715 1359 2854 1431 sint
2889 1353 3054 1432 illius

701 1463 1094 1555 systematis
1134 1463 1370 1545 verba,
1410 1459 1595 1536 idem
1632 1461 1941 1538 ᾶιιοωω.
1957 1461 2393 1556 Neoptolemi
2428 1463 2768 1538 dictorum
2800 1464 3053 1535 initium

700 1585 946 1636 caussa
1004 1567 1215 1636 fuisse
1263 1563 1613 1649 videatur,
1655 1576 1730 1636 ut
1773 1566 2042 1637 scribae
2089 1567 2268 1637 oculi
2306 1585 2346 1635 a
2383 1568 2609 1660 priore
2647 1568 2736 1639 ad
2772 1569 3052 1639 alterum

700 1669 1195 1740 aberraverint.
1257 1669 1813 1741 Consentaneum
1850 1680 2000 1739 erat
2035 1670 2252 1754 enim,
2296 1680 2367 1741 ut
2403 1670 2491 1741 ad
2530 1692 2638 1755 ea,
2677 1692 2859 1764 quae
2896 1670 3054 1742 cho-

698 1793 813 1843 rus
862 1774 1277 1865 quaerebat,
1330 1773 1786 1866 responderet
1821 1773 2346 1866 NeoptolemuS,
2397 1795 2580 1845 nunc
2619 1774 2903 1867 quidem
2941 1796 3057 1844 ex-

693 1876 1152 1968 spectandum
1205 1896 1361 1948 esse
1413 1875 1636 1969 usque
1682 1875 1851 1948 dum
1905 1876 2263 1948 adveniret
2304 1876 2753 1976 PhilocteteS,
2806 1877 3055 1950 chorus

697 1989 928 2054 autem
989 2002 1197 2073 porro
1257 1990 1656 2072 quaereret,
1721 1979 1889 2072 quid
1949 2002 2027 2051 se
2081 1980 2351 2054 interea-
2394 1982 2627 2052 faeere
2681 1992 3051 2108 oporteret.

696 2082 1032 2209 Apparet,
1089 2094 1278 2156 recte
1327 2094 1469 2156 tum
1510 2083 2039 2176 Neoptolemum
2074 2083 2345 2156 dicere:
2396 2086 2530 2156 νῦω
2562 2085 2694 2176 μὲν
2733 2089 2900 2162 έσως
2934 2084 3055 2178 γὰρ

694 2184 917 2258 τόπον
973 2191 1327 2275 ἐσχατιαῖς
1386 2189 1733 2280 προςιὸεῐν
1801 2189 2061 2264 ἐθέλεις
2125 2187 2225 2258 ὅν
2270 2211 2430 2258 τινα
2490 2193 2749 2272 κεῖται,
2819 2189 3055 2282 δέρκου

696 2291 1015 2382 θαρσῶν.

901 2392 1182 2464 V..204
1216 2402 1289 2461 et
1314 2394 1396 2464 2⁴
1420 2397 1485 2463 Ο.
1519 2413 1845 2462 numeros
1883 2345 2142 2462 habent
2172 2393 2375 2484 plane
2409 2351 2793 2478 inusitatOS,
2823 2394 3060 2486 quales

697 2515 836 2564 non
875 2503 982 2565 est
1019 2494 1352 2572 credibile
1387 2496 1506 2565 ab
1499 2494 1889 2588 Sophossle:
1900 2517 2056 2570 esse
2096 2497 2495 2589 profectos:

784 2598 1012 2671 HM.
1007 2597 1315 2688 aeifwoas‘
1353 2598 1487 2688 ἔχε,
1529 2603 1686 2673 παῖ.
1762 2603 1925 2673 ME.
1964 2598 2054 2671 εἰ
2084 2596 2279 2683 mode-3
2333 2604 2538 2673 HM.
2580 2598 2958 2697 προύφάνη

2546 2729 2834 2780 κτυπθς.

779 2806 985 2881 ΗΜ
1003 2768 1164 2883 ἀλλ”
1208 2804 1371 2893 ἔχε,
1382 2804 1648 2881 νέοικον.
1727 2809 1903 2879 NE.
1942 2807 2091 2894 λέγ’·
2086 2767 2173 2875 -3
2182 2830 2276 2879 rte.
2336 2811 2533 2879 HM
2576 2806 2960 2902 φροντίδας

2543 2911 2726 2987 νέας.

696 2994 984 3087 Videtur
1020 2958 1388 3104 uterque
1348 2990 1586 3087 tersus
1617 2994 1941 3085 trimeter
1968 3013 2183 3087 fuisse
2218 3013 2589 3087 iambinus:

794 3118 996 3187 HM
1037 3114 1315 3204 εὕστομ’
1356 3115 1487 3203 ἔῃ,
1526 3121 1689 3196 παῖ.
1717 3141 1867 3206 μοι.
1924 3120 2088 3187 ΝΕ.
2130 3115 2227 3187 τί
2238 3112 2429 3197 τόδε;
2468 3119 2692 3187 ΗΜ.
2737 3120 2956 3211 πρού-

2096 3244 2103 3255 *
2286 3213 2523 3314 φάνη
2566 3244 2851 3297 nmmos

794 3278 995 3412 ΗΜ.
1037 3321 1170 3391 ἀλλ’
1201 3320 1344 3408 ἔχε,
1386 3322 1656 3405 τέκνον,
1699 3320 1835 3415 δὴ.
1877 3324 2066 3393 NE.-
2085 3322 2221 3409 λέγ’
2238 3321 2423 3393 ὅτι.
2483 3324 2691 3397 ΗΜ.
2736 3347 2956 3416 φροαν

2100 3472 2107 3481 -
2214 3464 2221 3469 ·
2330 3423 2532 3502 vidae
2566 3426 2763 3502 πως..

901 3523 974 3592 V.
999 3523 1082 3595 2⁴
1104 3523 1169 3595 4
1209 3480 1566 3601 Audacius
1591 3525 2049 3618 compositum
2076 3528 2491 3605 vocabulum
2514 3537 2623 3598 est
2636 3528 3051 3621 ἀγροβότας,

693 3628 759 3697 in
798 3627 980 3720 agris
1016 3638 1419 3720 pascentem
1457 3626 1889 3722 significans..
1948 3629 2079 3703 Eo
2094 3651 2260 3705 usus
2296 3640 2403 3702 est
2439 3631 2657 3703 etiam
2685 3631 3049 3747 Euripides

691 3732 760 3801 in
799 3731 1098 3825 Cyclope
1137 3753 1200 3801 v.
1238 3734 1396 3816 55.
1436 3732 1562 3807 nisi
1605 3732 1699 3805 ibi
1742 3742 2024 3826 propter
2060 3732 2410 3809 adiectum
2444 3729 2849 3829 μηλῆθότας
2885 3734 3052 3805 scri-

690 3833 996 3907 bendum
1025 3845 1134 3909 est
1149 3831 1532 3954 ᾆγροβάτα.
1573 3834 1907 3910 Eiusdem
1930 3838 2208 3929 genonis
2236 3838 2304 3907 in
2329 3836 2709 3929 Philocteta
2733 3859 2801 3907 v.
2830 3842 2856 3907 l
2883 3843 2908 3908 l
2932 3837 3044 3908 48.

689 3948 800 4011 est
828 3940 1054 4033 χῶρος
1088 3932 1594 4032 οὐρεσιβώτας.
1661 3938 1979 4012 Ceterum
2031 3920 2411 4015 admirabili
2454 3951 2605 4013 arte
2644 3940 3048 4033 Sophocles,

687 4040 1013 4157 quoniam
1063 4063 1306 4134 parum
1351 4041 1619 4134 tragico
1670 4042 1907 4113 habitu
1960 4044 2356 4136 proditurus
2411 4050 2562 4117 erat
2600 4043 3047 4127 ,Philoctetes

689 4144 919 4238 primo·
981 4143 1507 4239 Neoptolemum
1575 4146 1740 4216 feeit
1819 4147 2097 4240 inopem
2138 4147 2327 4225 ,eius
2367 4147 2860 4221 habitationem
2925 4169 3048 4219 ex-

686 4248 1110 4341 plorantem,
1135 4246 1392 4326 deinde
1428 4269 1585 4323 eam
1621 4249 1842 4322 choro
1870 4260 2390 4335 monstrantem,
2431 4261 2573 4322 tum
2611 4263 2843 4323 autem
2881 4250 3049 4322 cho-

684 4373 837 4425 rum
865 4346 1206 4423 miseram
1257 4352 1379 4425 viri
1423 4352 1629 4423 vitam
1667 4352 2213 4438 describentem,
2250 4375 2427 4447 que,
2465 4355 2524 4426 si
2575 4354 2858 4426 tandem
2900 4355 3045 4448 ipse

686 4462 1081 4549 appareret,
1122 4475 1261 4524 non
1300 4465 1440 4526 tam
1477 4457 1747 4550 speeie,
1785 4478 1993 4549 quam
2030 4458 2228 4528 malis
2263 4479 2444 4550 quae
2482 4459 2811 4529 toleraret
2846 4458 3046 4529 mise-
3119 4457 3123 4462 ’

686 4559 918 4632 rabilis
954 4566 1163 4630 esset.
