3328 5326
1217 353 1616 420 PlNDARUS.
2487 356 2602 418 123

448 545 517 615 V.
562 549 679 616 61.
722 556 915 618 recte
953 546 1138 617 libri:

1470 656 1657 722 τοῖσι
1693 649 1827 742 μὲν

542 747 824 841 ἐξεύχετ’
862 755 938 822 ἑν
974 750 1180 824 ἄστεϊ
1207 748 1568 849 Πειράνας
1596 754 1941 849 σφετερου
1971 759 1978 766 ’

543 853 674 946 μὲν
709 853 975 949 πατρὸς
1012 855 1235 950 ἀρχὰν

541 957 658 1028 καὶ
690 958 933 1050 βαθὺν
969 960 1227 1054 κλᾶρον
1264 959 1483 1052 ἐζιιμεν
1518 959 1637 1032 καὶ
1670 961 2005 1053 μέγαρον.

265 1063 579 1134 Omissum
615 1082 776 1132 esse
814 1060 884 1131 in
920 1061 1335 1152 quibusdam
1382 1063 1573 1134 libris
1608 1065 1901 1134 alterum
1937 1061 2070 1153 μὲν
2106 1062 2413 1150 videtur,
2452 1064 2617 1156 quia

264 1188 382 1238 non
428 1175 615 1237 recte
665 1165 831 1258 poni
884 1166 1308 1258 putabantur
1356 1167 1497 1240 duo
1533 1166 1667 1259 μὲν
1701 1167 1771 1237 in
1809 1187 1949 1237 uno
1987 1167 2326 1238 membro.
2401 1165 2494 1237 At
2542 1177 2618 1255 ut

264 1270 340 1342 ad
370 1268 652 1363 quodvis
687 1267 819 1359 μὲν
854 1290 995 1339 non
1024 1281 1363 1362 sequente
1400 1270 1474 1341 δὲ·
1509 1269 2097 1363 subintelligenda
2129 1280 2239 1341 est
2269 1272 2619 1342 contraria

265 1373 612 1458 sententia,
666 1372 761 1442 ita
812 1372 925 1442 hic
975 1395 1285 1466 quoque:
1343 1374 1529 1468 apud
1565 1374 1847 1446 Danaos
1883 1373 2168 1467 quidem
2202 1373 2502 1446 Glaucus
2539 1397 2619 1446 se

267 1477 567 1548 Corintho
638 1474 1012 1547 oriundum
1088 1477 1403 1564 dicebat,
1469 1478 1744 1550 Troiani
1820 1489 2053 1549 autem
2129 1477 2619 1549 Euchenorem

265 1592 490 1653 norant
551 1578 1014 1651 Corinthium:
1083 1580 1383 1653 Glaucus
1457 1583 1785 1654 narrabat
1859 1582 2094 1676 proavi
2166 1580 2449 1674 quidem
2514 1581 2622 1653 sui

266 1707 526 1778 regnum
567 1682 870 1754 Corinthi
927 1681 1353 1778 domumque
1406 1685 1650 1770 fuisse,
1703 1708 1849 1757 non
1893 1706 2051 1757 esse
2088 1696 2321 1756 autem
2359 1686 2490 1756 sibi
2531 1685 2621 1755 ab

268 1789 363 1858 illo
396 1788 636 1859 exsule
674 1787 743 1856 in
781 1787 991 1880 Lycia
1027 1809 1249 1881 genus
1287 1788 1591 1861 ducenti.

445 1891 520 1961 V.
555 1890 600 1961 ’7
608 1892 674 1961 6.
719 1911 862 1961 non
911 1892 1151 1985 explet
1184 1914 1548 1965 numerum
1585 1891 1913 1988 χρήσιος,
1969 1893 2086 1986 qui
2136 1893 2383 1984 plenus
2433 1902 2621 1961 esset

268 1995 311 2064 si
355 1999 688 2086 μαντεΐας
738 1995 1107 2087 legeretur.
1183 1995 1476 2082 Verum,
1532 1996 1589 2067 si
1636 2018 1779 2067 non
1819 1996 2052 2081 fallor,
2092 1995 2465 2080 PindaruS,
2509 1996 2620 2066 cui

269 2098 484 2194 χρῆσις
519 2119 721 2170 usum
759 2096 1123 2192 significat,
1162 2099 1536 2193 scripserat

1168 2202 1260 2280 ὥς
1295 2205 1350 2273 τ’
1391 2202 1526 2274 ἀνά
1559 2203 1779 2295 βωμῷ
1816 2203 1993 2279 θεᾶς

549 2301 928 2386 κοιτάξατο
967 2303 1152 2375 νύκτ’
1194 2303 1334 2377 ἀπὸ
1370 2304 1600 2377 κείνου
1634 2310 1981 2402 χρηΐσιος.

273 2405 420 2477 Nam
455 2407 640 2501 quod
689 2408 756 2476 in
795 2408 1274 2502 Etymologico
1315 2410 1403 2478 M.
1447 2408 1775 2482 traditum
1813 2419 1958 2494 est,
1994 2405 2271 2504 χρῄζειν
2307 2407 2622 2478 scriben-

271 2508 414 2580 dum
448 2533 603 2582 esse
655 2511 805 2582 sine
857 2511 1034 2595 iota,
1077 2513 1191 2583 ubi
1230 2514 1588 2584 oraculum
1625 2511 1841 2583 edere
1876 2510 2333 2606 significaret,
2372 2533 2623 2583 vanum

272 2626 378 2685 est.
486 2615 715 2687 Sensit
777 2615 1162 2688 Brunckius
1224 2615 1316 2688 ad
1383 2616 1594 2711 Soph.
1645 2616 1821 2689 Oed.
1872 2616 2014 2689 Col.
2066 2614 2286 2689 1426.
2395 2614 2624 2688 Unum

273 2717 568 2812 idemque
605 2720 890 2791 verbum
932 2731 1040 2791 est
1073 2725 1361 2816 χρηΐζω,
1402 2718 1659 2817 χρῄζω,
1704 2722 1845 2792 sive
1882 2720 2199 2813 indigere
2236 2721 2386 2791 sive
2424 2742 2628 2814 prae-

274 2820 482 2893 dicere
519 2822 883 2917 significat.

454 2927 525 2996 V.
580 2926 699 2998 84.
752 2937 943 2997 recte
996 2947 1167 2998 sane
1218 2928 1608 2998 restitutum
1661 2937 1770 2997 est
1822 2931 1962 3017 ἕλε,
2024 2926 2213 3020 quod
2269 2927 2627 2998 Triclinius

278 3050 410 3098 cum
445 3030 633 3122 ἔλαβε
674 3041 1249 3116 commutaverat,
1288 3029 1414 3102 sed
1454 3029 1781 3102 addenda
1821 3042 1928 3101 est
1964 3031 2328 3124 particula:

556 3130 713 3231 ἦτοι
752 3134 869 3206 καὶ
907 3135 947 3205 ὁ
985 3131 1321 3231 καρτερὸς
1357 3131 1723 3229 ὁρμαίνων
1758 3137 1860 3204 ἕλε
1901 3134 2033 3226 μὲν

553 3235 1134 3334 Βελλεροφόντας

557 3339 937 3437 φάρμακον
970 3337 1164 3436 πραῢ
1198 3338 1446 3411 τείνων
1483 3338 1670 3433 ἀμφὶ
1706 3343 1897 3430 γένυι

560 3452 773 3516 ἵππον
809 3442 1219 3539 πτερόεντα.

457 3547 527 3616 In
578 3549 895 3641 proxima
958 3545 1242 3640 stropha
1304 3556 1497 3617 recte
1563 3546 1897 3641 scriptum
1955 3558 2064 3617 est
2114 3546 2198 3644 δή
2217 3598 2238 3634 ,
2298 3548 2425 3619 sed
2488 3568 2627 3617 non

285 3650 655 3723 coalescens
693 3673 852 3723 cum
890 3659 1228 3744 sequente
1265 3672 1458 3721 voce.

458 3753 768 3848 Denique
803 3780 860 3826 v.
902 3754 1068 3825 107.
1109 3753 1300 3847 quod
1336 3754 1406 3824 in
1444 3754 1745 3847 antiquis
1784 3755 1972 3825 libris
2010 3764 2138 3840 est,
2176 3757 2250 3825 ἐν
2276 3755 2533 3847 ’'florez“
2555 3754 2627 3823 θ’

288 3848 437 3924 ὄσσα
484 3858 594 3929 καὶ
643 3862 720 3928 ἐν
775 3856 1045 3954 Θήβαις
1105 3857 1240 3928 ὅσα
1292 3858 1347 3928 τ’
1400 3855 1741 3952 Ἀρκάσιν
1803 3854 2130 3928 ἀνάσσων
2188 3852 2633 3952 μαρτυρήσει

288 3954 574 4031 Λυκαίου
622 3959 863 4054 βωμὸς
913 3961 1125 4049 ἄναξ,
1182 3961 1385 4032 nimis
1429 3961 1795 4053 religiosus
1846 3961 1970 4043 sit,
2022 3960 2139 4053 qui
2192 3960 2503 4031 oblatum
2541 3960 2631 4030 ab

290 4054 516 4150 aliquot
553 4065 745 4137 libris
794 4065 965 4156 ἀμφ’
1005 4063 1260 4158 ''Aoysi⁴
1298 4066 1368 4135 θ’
1427 4064 1605 4135 ὅσσα
1658 4064 2010 4158 repudiet:
2078 4064 2207 4136 sed
2258 4063 2330 4133 in
2380 4065 2632 4135 ceteris

291 4161 505 4235 vellem
550 4190 692 4240 non
742 4177 931 4239 esset
983 4176 1340 4261 receptum
1377 4168 1568 4260 quod
1618 4169 1783 4239 olim
1822 4166 2090 4239 conieci
2120 4165 2381 4263 Ἀρκὰς
2417 4162 2632 4260 ἀνᾴσ-

296 4285 441 4335 σωνε
486 4282 586 4343 est
621 4272 690 4343 id
728 4272 917 4342 enim
968 4270 1409 4355 arcessitum,
1450 4271 1895 4364 debebatque
1942 4270 2319 4363 simplicius
2357 4270 2527 4363 quid
2563 4278 2635 4340 et
2761 4254 2764 4259 '

297 4365 572 4446 usitatius
600 4375 901 4447 Pindaro
928 4374 1193 4468 quaeri,
1232 4396 1447 4466 quum
1480 4375 1893 4468 praesertim
1927 4375 2060 4445 iam
2090 4374 2422 4446 Λυκαίου
2458 4373 2635 4453 ἄναξ

300 4469 587 4550 audacius
615 4479 876 4552 dictum
915 4480 1024 4563 sit,
1054 4498 1263 4569 quam
1291 4477 1484 4549 Nem.
1514 4480 1589 4549 ΙΙ.
1602 4483 1744 4550 19.
1778 4479 2145 4571 ὑψιμέδων
2172 4472 2627 4573 Παρνασσός

302 4565 364 4637 ld
396 4573 510 4649 boc
541 4583 816 4657 videtur
851 4604 1043 4653 esse:
