3328 5326
687 1359 1549 1474 CONIEOTANEA
1624 1359 2224 1473 ORITICA.*)

471 1815 851 1887 Proverbia
887 1836 1394 1908 saepenumero
1433 1837 1526 1885 ex
1561 1826 1879 1909 tempore
1916 1827 2327 1901 nascuntur,
2368 1817 2656 1890 durant—
2673 1838 2833 1899 nm

278 1941 405 2012 que
441 1920 776 2012 quamdiu
812 1941 925 1989 res
962 1920 1035 1988 in
1071 1920 1336 1990 recenti
1374 1920 1711 1989 memoria
1747 1932 1876 1991 est.
1967 1920 2327 1992 Eiusmodi
2364 1944 2656 2015 prover-

275 2023 456 2095 bium
500 2023 698 2095 latuit
745 2023 1167 2116 interpretes
1209 2022 1693 2116 Aristophanis
1742 2023 1811 2092 in
1865 2024 2157 2095 exordio
2210 2025 2462 2096 avium.
2555 2027 2655 2097 Ibi

275 2127 405 2199 duo
441 2127 566 2198 viri
602 2136 785 2212 sunt,
817 2128 992 2197 alter
1020 2127 1399 2211 cornicem,
1432 2127 1606 2197 alter
1631 2128 1991 2219 graculum
2021 2130 2089 2198 in
2120 2129 2274 2199 sinu
2302 2139 2653 2220 gerenteS,

276 2251 444 2322 quae
480 2252 650 2301 aves
688 2231 771 2300 iis
819 2230 1131 2302 indicent
1176 2230 1297 2300 ubi
1335 2230 1405 2299 in
1441 2252 1748 2323 upupam
1796 2233 2134 2302 mutatum
2173 2231 2467 2304 Tereum
2519 2233 2657 2304 sint

276 2333 630 2406 inventuri.
705 2334 808 2404 De
846 2355 931 2404 ea
968 2356 1046 2403 re
1083 2335 1258 2404 alter
1294 2355 1537 2404 eorum
1572 2357 1639 2404 v.
1681 2337 1797 2404 43.
1832 2334 2008 2405 haec
2047 2335 2247 2406 dicit:

573 2432 618 2533 ἦ
657 2437 850 2508 δεινὰ
887 2436 983 2507 νώ
1022 2439 1347 2532 δέδρακεν
1388 2438 1514 2507 οὐκ
1548 2437 1693 2507 τῶν
1731 2439 1991 2532 ὀρνέων

570 2541 609 2610 ὁ
647 2537 1138 2636 πινακοπώλης
1180 2538 1625 2636 Φιλοκράτης
1659 2541 2135 2633 μελαγχολῶν,

571 2642 651 2722 ὃς
685 2640 852 2715 τώδ’
896 2643 1153 2739 ἔφασκε
1189 2645 1330 2736 νῷν
1370 2641 1671 2739 φράσειν
1708 2643 1837 2715 τὸν
1886 2648 2121 2743 Τηρέα

568 2746 698 2817 τὸν
735 2747 966 2841 ἔποφ’,
1011 2748 1088 2825 ὃς
1127 2748 1320 2845 ὅρνις
1355 2750 1595 2839 ἐγένετ’
1634 2753 1708 2820 ἐκ
1745 2749 1888 2820 τῶν
1927 2751 2214 2845 ὀρνέων.

275 2849 617 2921 Postrema
646 2851 896 2922 horum
932 2862 1011 2924 ut
1046 2852 1475 2944 explicarent
1500 2852 1639 2921 iam
1673 2863 1947 2923 veteres
1974 2856 2408 2947 grammatici
2437 2857 2654 2927 multa

276 2953 482 3024 moliti
534 2965 727 3039 sunt,
782 2976 1014 3046 neque
1066 2977 1159 3025 ex
1213 2956 1721 3027 recentioribus
1773 2957 1929 3026 novi
1982 2958 2101 3048 qui
2153 2979 2303 3028 rem
2357 2959 2652 3052 expedi-

274 3057 461 3126 verit.
536 3057 682 3128 Nec
733 3059 1012 3128 mirum:
1067 3059 1139 3126 in
1186 3059 1421 3129 verbis
1472 3059 1657 3128 enim
1704 3058 2116 3146 haerentes,
2166 3083 2308 3131 non
2359 3061 2449 3131 ad
2502 3083 2649 3131 rem
2696 3094 2699 3097 >

272 3181 439 3250 quae
489 3171 817 3254 ageretur
875 3161 1179 3232 animum
1242 3160 1711 3232 attenderunt.
1812 3162 1967 3233 Duo
2023 3163 2116 3233 illi
2164 3164 2294 3233 viri
2348 3166 2649 3257 pertaesi

271 3263 500 3349 vitam,
538 3266 816 3357 qualem
853 3263 1148 3335 Athenis
1186 3265 1592 3349 trahebant,
1642 3264 1844 3335 aliam
1893 3267 2254 3338 meliorem
2308 3289 2650 3359 quaerere

274 3369 767 3440 constituerunt
818 3368 1189 3439 civitatem.
1285 3370 1461 3439 Eam
1511 3368 1582 3437 in
1635 3378 1821 3439 terra
1885 3369 2170 3440 inveniri
2232 3393 2443 3465 posse
2505 3394 2649 3443 non

274 3482 658 3562 sperantes,
701 3472 1000 3544 aviculas
1055 3472 1186 3543 sibi
1234 3483 1585 3557 emerunt,
1637 3494 1933 3564 quarum
1972 3473 2187 3547 ductu
2224 3476 2315 3547 ad
2354 3477 2648 3547 Tereum

273 3576 683 3664 perveniant,
713 3598 924 3668 quem
953 3576 1178 3647 sciant
1208 3576 1278 3647 in
1305 3596 1610 3670 upupam
1638 3586 1978 3648 mutatum
2007 3579 2216 3672 longe
2245 3581 2334 3651 ab
2358 3579 2648 3650 Athenis

272 3678 607 3764 avolasse,
646 3688 1035 3772 putentque
1073 3681 1379 3750 maxime
1416 3679 1754 3751 idoneum
1788 3702 1983 3767 esse,
2025 3684 2145 3774 qui
2181 3706 2320 3775 quo
2358 3705 2435 3753 se
2474 3677 2647 3753 con-4

271 3780 441 3850 ferre
475 3783 781 3853 debeant
815 3783 1098 3856 indicet.
1174 3784 1252 3855 Id
1290 3784 1417 3877 ipsi
1457 3783 1701 3854 dicunt
1734 3809 1794 3853 v.
1832 3784 1951 3855 46.

568 3887 606 3956 ὁ
645 3884 715 3956 δὲ
756 3883 1009 3964 στόλος
1044 3886 1189 3978 νῷν
1224 3892 1377 3958 ἐστι
1411 3886 1590 3981 πρὸς
1624 3887 1756 3957 τὸν
1806 3891 2043 3984 Τηρέα

564 3989 693 4060 τὸν
733 3989 993 4079 ἔποπα,
1033 3992 1194 4085 παρ’
1235 3988 1503 4061 ἐκείνου
1540 3992 1914 4061 πυθέσθαι
1951 3992 2283 4083 διομένω,

568 4096 773 4164 εἵπου
807 4090 1155 4189 τοιαύτην
1191 4089 1326 4164 εἶδε
1359 4089 1597 4179 πόλιν,
1638 4091 1686 4187 ᾗ
1717 4095 2069 4166 Ηπεπτετο.

257 4189 652 4266 -Stultissimi
702 4197 888 4266 enim
942 4197 1264 4281 fuissent,
1314 4197 1373 4268 si
1411 4207 1677 4267 temere
1714 4198 1784 4266 in
1823 4219 2027 4269 auras
2067 4148 2403 4271 abiissent
2437 4203 2646 4294 plane

272 4313 409 4363 non
458 4297 791 4371 hahentes
844 4322 983 4392 quo
1035 4301 1167 4370 iter
1219 4301 1620 4393 dirigerent.
1713 4301 1842 4371 Pro
1895 4304 2218 4389 consilio,
2258 4327 2398 4396 quo
2436 4315 2645 4399 poeta

276 4395 564 4472 fabulam
599 4404 786 4474 illam
825 4405 1239 4496 composuit,
1280 4426 1456 4497 opus
1494 4415 1645 4475 erat
1680 4405 1860 4489 loco,
1900 4406 1970 4475 in
2008 4429 2147 4498 quo
2185 4430 2361 4479 nova
2401 4409 2644 4479 civitas

436 4633 487 4717 ³¹⁶)
526 4641 813 4723 Philolog.
853 4643 929 4704 II.
977 4641 1185 4726 (⁴847)
1224 4661 1290 4722 p.
1324 4643 1432 4703 ⁴34
1475 4643 1538 4704 ff.
