3328 5326
686 317 759 378 24
774 318 810 376 6
1660 315 2086 378 EURIPIDES.

1969 510 2040 578 εἰ
2069 507 2140 579 δὲ
2175 509 2319 579 τῶν
2354 508 2548 580 θεῶν
2583 511 2864 602 κρατεῖν

996 608 1234 703 βούλει
1268 651 1372 662 --
1407 610 1493 681 τὸ
1530 607 1808 705 χρῄζειν
1844 612 2123 702 ἀμαθές
2156 615 2307 682 ἐστι
2339 610 2472 705 γὰρ
2509 609 2699 681 τόδε.

889 714 967 785 V.
1008 712 1226 784 4004.
1258 713 1740 785 scribendum:

1003 814 1347 913 Σπάρτης
1383 819 1446 885 δ’
1488 819 2011 905 ἀπαλλαχθεῖσα
2047 816 2180 914 τὴν
2221 818 2520 913 Φρυγῶν
2555 815 2760 888 πόλιν

996 921 1228 1014 χρυσῷ
1266 919 1568 1016 ῥέουσαν
1603 914 1899 1018 ἤλπισας
1938 947 2019 1006 σε
2049 918 2528 993 κατακλύσειν.

689 1026 1025 1119 Sperasse
1074 1023 1327 1094 dicitur
1378 1024 1643 1095 Helena
1693 1025 1880 1107 sore,
1937 1036 2011 1096 ut
2045 1025 2246 1095 Troia
2284 1045 2439 1095 eam
2490 1046 2662 1095 auro
2714 1024 3047 1096 obrueret.

687 1128 1098 1200 Plutarchus
1133 1127 1493 1198 Demostb.
1529 1150 1589 1198 c.
1628 1130 1655 1196 4
1681 1125 1746 1197 4.
1778 1128 1881 1218 τῷ
1906 1128 2038 1218 μὲν
2064 1127 2260 1224 παρὰ
2294 1125 2648 1200 Φιλίππου
2676 1127 2792 1198 καὶ
2821 1131 3055 1198 Μακε-

686 1230 926 1309 δονίας
975 1227 1329 1308 ἀνάλωτος
1383 1231 1524 1320 ὥν,
1584 1232 1686 1323 τῷ
1734 1231 1796 1301 δ’
1851 1230 2131 1303 ἄνωθεν
2181 1236 2253 1302 ἐκ
2302 1227 2610 1302 Σούσων
2658 1230 2776 1300 καὶ
2821 1231 3053 1322 Ἐκβα-

685 1332 920 1406 τάνων
955 1332 1287 1425 ἐπίβατος
1321 1333 1585 1429 χρυσίῳ
1621 1333 1920 1425 γεγονώς
1955 1333 2073 1405 καὶ
2108 1334 2764 1425 κατακεκλυσμένος.

892 1438 969 1508 V.
1012 1441 1230 1508 4040.
1290 1437 1443 1508 Non
1483 1448 1646 1509 sunt
1681 1438 1858 1508 haec
1895 1437 2277 1509 dividenda
2314 1437 2384 1507 in
2421 1438 2561 1508 duo
2592 1437 2904 1508 membra
2931 1438 3054 1507 τοῦ

688 1539 983 1632 συζύγου
1028 1543 1083 1612 τ’
1131 1542 1221 1612 ἐτ’
1273 1540 1480 1619 ὄντος
1517 1543 1601 1612 οὐ
1645 1542 1788 1613 κατ’
1837 1541 2063 1637 ἄστρα
2115 1568 2257 1614 nm:
2318 1540 2547 1612 adhuc
2593 1541 2905 1612 nondum
2958 1561 3058 1609 re-

686 1655 894 1739 cepto
932 1646 1111 1715 inter
1147 1643 1397 1715 sidera.

890 1749 967 1819 V.
999 1751 1217 1819 4069.
1264 1748 1317 1817 N
1325 1769 1415 1818 on
1444 1746 1761 1838 ἐχθίονες
1788 1747 1923 1832 hic,
1955 1748 2083 1820 sed
2112 1747 2460 1838 αι’σχίὸνες
2487 1748 2865 1819 dicendum
2893 1757 3049 1817 erat.

894 1852 969 1921 V.
1008 1850 1227 1923 4078.
1288 1852 1501 1922 Recte
1556 1851 1741 1923 hunc
1794 1873 2074 1923 versum
2113 1861 2184 1922 et
2217 1873 2497 1946 versum
2541 1855 2761 1924 4088.
2807 1851 3056 1922 consti-

685 1957 812 2029 tuit
866 1955 1218 2027 Seidlerus
1271 1955 1340 2024 in
1396 1955 1845 2026 adnotatione
1898 1955 1990 2027 ad
2040 1979 2106 2027 v.
2148 1959 2366 2028 4088.
2409 1956 2534 2027 sed
2591 1954 2809 2026 credo
2859 1956 3054 2026 etiam

685 2084 748 2131 v.
790 2062 1012 2131 4086.
1048 2060 1341 2152 expulsa
1378 2060 1947 2153 interpretatione
1986 2058 2433 2132 scribendum
2471 2081 2662 2131 esse:
2738 2087 2741 2090 >

1070 2164 1283 2255 μέλει,
1324 2163 1515 2254 μέλει
1549 2189 1706 2254 μοι,
1749 2161 1909 2234 τάδ’
1951 2166 2018 2234 εἰ
2050 2159 2428 2258 φρόνιμος,
2472 2162 2672 2246 ἄναξ.

888 2267 964 2337 V.
1013 2268 1235 2338 4092.
1312 2268 1509 2351 Quae
1561 2266 1628 2335 in
1683 2267 1873 2336 libris
1926 2268 2186 2360 scripta
2235 2276 2433 2350 sunt,
2485 2265 2606 2357 ἐμὲ
2655 2265 2727 2337 δὲ
2772 2261 3057 2335 πόντιον

684 2368 949 2463 σκάφος
977 2370 1227 2441 ἅϊσσον
1254 2375 1574 2465 πτεροῖσι
1601 2367 1929 2464 πορεύσει
1958 2368 2346 2461 ἱππόβοτον
2371 2369 2659 2464 ”Λργος,
2697 2374 2815 2439 ἵνα
2838 2366 3056 2457 τείχεα

679 2471 886 2544 λάϊνα
945 2470 1328 2543 Κυκλώπεί
1397 2467 1697 2566 οὐράνια
1761 2474 2123 2564 νέμονται.
2225 2471 2481 2543 τέκνων
2550 2470 2623 2542 δὲ
2676 2472 2945 2568 πλῆθος
2991 2475 3057 2542 ἐν

681 2574 934 2652 πύλαις
981 2572 1274 2670 δακρύοι
1322 2573 1643 2671 κατάορα
1695 2577 1946 2663 στένει,
1986 2577 2150 2669 βοᾷ,
2196 2576 2360 2669 βοᾷ,
2404 2576 2471 2644 in
2511 2575 2616 2645 his
2654 2572 2883 2663 τείχεα
2917 2595 3058 2644 me-

684 2691 790 2751 tro
844 2701 985 2750 non
1032 2678 1380 2749 convenit.
1468 2677 1543 2749 Id
1591 2700 1731 2748 non
1781 2679 2025 2751 dubito
2064 2680 2231 2772 quin
2271 2679 2638 2773 Euripides
2676 2678 2849 2775 τύκη
2890 2678 3052 2750 scri-

683 2783 922 2876 pserit,
963 2782 1214 2854 eodem
1255 2781 1672 2876 significatu,
1711 2806 1851 2876 quo
1889 2806 1958 2853 v.
1998 2785 2169 2854 834.
2201 2782 2602 2875 τυκίσματα
2639 2782 2838 2853 dixit.
2919 2782 3054 2852 Nec

681 2888 942 2958 τέκνων
990 2887 1157 2957 satis
1212 2897 1540 2958 accurate
1588 2886 1818 2957 reddit
1871 2886 2445 2981 antistrophicum
2495 2885 2773 2980 pedem.
2858 2886 3056 2956 Prae-

681 3000 874 3061 terea
912 2990 970 3061 si
1005 2991 1142 3083 βοᾷ
1180 2991 1471 3063 verbum
1526 3002 1666 3076 est,
1705 3014 1844 3062 non
1887 3003 2076 3062 recte
2133 2991 2455 3061 iteratum
2501 2990 2799 3061 videtur.
2885 2989 3054 3059 Con-

681 3094 1057 3187 iunguntur
1093 3094 1376 3186 quidem
1413 3116 1625 3189 saepe
1664 3096 1815 3166 sine
1853 3096 2105 3189 copula
2144 3094 2287 3165 duo
2337 3104 2678 3186 cognatae
2717 3091 3056 3185 significa-

680 3198 885 3268 tionis
922 3198 1157 3282 verba‚
1197 3199 1324 3270 sed
1361 3220 1500 3270 non
1539 3209 1614 3270 ut
1653 3201 1947 3270 alterum
2000 3207 2378 3291 repetatur.
2463 3197 2734 3282 Quare,
2789 3198 2847 3268 si
2898 3196 3054 3265 nibil

682 3301 870 3372 aliud
909 3303 974 3371 in
1014 3301 1122 3371 his
1148 3302 1383 3372 verbis
1423 3303 1774 3374 turbatum
1816 3312 1944 3387 est,
1974 3303 2111 3394 βοᾷ
2142 3323 2394 3372 nomen
2428 3323 2586 3371 esse
2617 3300 3053 3372 statuendum

681 3405 830 3474 erit.
889 3405 1102 3476 Totus
1139 3406 1334 3476 locus
1374 3406 1466 3475 ita
1504 3405 1917 3476 scribendus
1954 3395 2269 3477 videtur:

1788 3507 1907 3598 ἐμὲ
1945 3507 2015 3577 δὲ
2053 3506 2346 3579 πόντιον
2386 3504 2652 3599 σκάφος

1199 3610 1419 3702 ᾄσσον
1456 3617 1776 3704 πτεροῖσι
1813 3608 2141 3705 πορεύσει

1199 3711 1588 3805 ἱππόβοτον
1614 3713 1903 3807 ’Ἁργος,
1949 3721 2063 3784 ἵνα
2099 3708 2268 3808 τύκη

1194 3814 1400 3887 λάϊνα
1437 3812 1788 3887 Κυκλώπι’
1830 3814 2129 3912 οὐράνια
2172 3817 2536 3906 νέμονται.

1197 3920 1392 3990 τέκεα
1431 3918 1500 3989 δὲ
1538 3920 1810 4016 πλῆθος
1846 3923 1920 3989 ἐν
1958 3914 2207 3998 πύλαις

1196 4020 1485 4116 δάκρυσι
1522 4019 1837 4117 κατᾴορα
1878 4025 2100 4094 στένει

1197 4126 1363 4218 βοᾷ,
1404 4126 1568 4217 βοᾷ·
1627 4126 1885 4219 μᾶτερ,
1932 4126 1986 4196 ὤ
2020 4148 2175 4219 μοι·

1197 4226 1429 4318 μονὰν
1467 4225 1549 4323 δή
1586 4230 1654 4319 μ’
1692 4228 1968 4317 Ἀχαιοὶ

1195 4328 1561 4422 κομίζουσι
1600 4331 1806 4401 σέθεν
1844 4333 1953 4403 ἀπ’
1995 4330 2366 4424 ὀμμάτων.

523 4460 657 4523 μισ
682 4432 828 4503 Hoc
892 4431 1089 4502 dicit:
1165 4432 1530 4504 muttitudo
1593 4433 1840 4506 obvias
1909 4437 1978 4505 in
2036 4437 2249 4529 portis
2317 4437 2504 4508 urbis
2569 4440 2834 4531 puellas
2896 4456 3039 4507 cum

681 4535 978 4607 lacrimis
1030 4536 1245 4628 gemit
1297 4536 1388 4606 ob
1440 4558 1680 4609 earum
1734 4539 2139 4610 clamorem:
2194 4551 2446 4625 mater,
2502 4541 2650 4624 hei,
2693 4544 2905 4613 solam
2941 4558 3042 4608 mc
3250 4588 3253 4653 ρ
