3328 5326
1169 406 1642 471 SOPHOCLES.
2478 408 2502 469 1
2518 406 2600 469 97

535 595 706 686 ὑμῖν
739 594 930 687 τάδ’,
973 599 1058 668 οὐ
1094 596 1226 692 γὰρ
1265 598 1474 669 ἄλλον
1509 593 1641 668 οἶδ’
1684 598 1823 690 ὅτῳ
1859 600 2057 689 λέγω,

535 697 1003 791 ἀνακλαίομαι
1033 701 1344 795 παροῦσι
1377 706 1530 778 τοῖς
1564 701 1928 790 εἰωθόσιν,

536 801 633 871 οἷ’
674 802 802 898 ἔργ’
848 804 887 874 ὁ
926 809 1089 882 παῖς
1123 805 1192 895 μ’
1234 803 1520 899 ἔδρασεν
1560 804 1685 886 οὑξ
1719 805 2105 893 Ἀχιλλέως.

249 906 453 977 Potuit
489 905 602 976 ille
639 917 831 977 certe
869 907 1109 979 omitti.

429 1009 509 1079 V.
544 1009 719 1081 967.
750 1020 1088 1103 praestat,
1124 1010 1318 1103 quod
1353 1010 1530 1081 Flor.
1561 1013 1646 1080 Γ.
1678 1011 2000 1104 praebet:

534 1114 841 1209 ἐλέησον,
886 1109 940 1183 ὦ
974 1120 1132 1201 παῖ,
1172 1113 1350 1207 πρὸς
1383 1114 1600 1201 θεῶν,
1641 1113 1757 1184 καὶ
1792 1112 1890 1210 μὴ
1926 1114 2158 1208 παρῇς

540 1214 801 1287 σαυτὸν
835 1221 1121 1313 βροτοῖς
1156 1215 1450 1301 ὄνειδος,
1492 1217 1819 1309 ἐκκλέψας
1853 1218 1995 1308 ἐμέ.

249 1319 453 1391 Ceteri
490 1318 645 1389 libri
683 1319 978 1390 σαυτοῦ.

429 1423 507 1493 V.
542 1424 715 1492 981.
755 1444 967 1514 quum
1004 1421 1426 1493 Philoctetes
1472 1444 1711 1495 arcum
1766 1423 1855 1493 ab
1891 1421 2347 1516 Neoptolemo
2401 1443 2608 1516 repe-
2622 1442 2760 1506 pas

248 1526 391 1610 tivit,
433 1525 668 1596 Ulixes
704 1524 882 1596 haec
920 1525 1119 1596 dicit:

1671 1630 1888 1701 τοῦτο
1923 1627 2082 1720 μὲν,
2180 1635 2187 1640 ’

539 1732 689 1802 οὐδ’
726 1732 816 1827 ἢν
850 1733 1055 1825 θέλῃ,
1097 1729 1338 1826 δράσει
1373 1728 1558 1802 πότ’·
1601 1730 1777 1803 ἀλλὰ
1810 1732 1928 1803 καὶ
1965 1731 2041 1803 σὲ
2075 1733 2185 1803 δεῖ

540 1833 833 1924 στείχειν
872 1834 986 1925 ἅμ’
1029 1835 1301 1924 αὐτοῖς,
1342 1835 1386 1930 ἢ
1423 1834 1547 1927 βίᾳ
1585 1834 1908 1906 στελοῦσί
1942 1860 2043 1906 σε.

251 1939 385 2010 Non
421 1948 710 2032 apparet
745 1938 864 2029 qui
899 1936 1038 2008 sint
1073 1938 1189 2024 illi,
1228 1938 1348 2030 qui
1376 1936 1851 2023 Philoctetam,
1890 1938 2022 2009 nisi
2058 1959 2218 2009 cum
2253 1938 2337 2009 iis
2372 1939 2605 2024 abeat,

248 2043 308 2112 vi
355 2041 719 2114 abducturi
770 2042 928 2111 sint.
1035 2040 1279 2134 Neque
1332 2041 1520 2111 enim
1571 2042 1715 2112 ulla
1777 2062 2023 2112 eorum
2089 2043 2348 2112 mentio
2401 2063 2608 2135 prae-

249 2147 458 2217 cessit.
536 2144 880 2216 Satellites
920 2143 1136 2215 Ulixis
1173 2165 1332 2216 esse
1369 2166 1528 2216 sero
1566 2145 2092 2237 cognoscimuS‚
2135 2145 2606 2238 respondente

249 2248 646 2322 Philocteta:

535 2353 669 2442 ἔμ’,
713 2380 766 2422 ω
800 2351 1031 2422 κακῶν
1065 2348 1346 2423 κάκιστε
1378 2351 1494 2422 καὶ
1531 2348 1969 2447 τολμήστατε

535 2457 669 2525 οἵδ’
709 2458 782 2526 ἐκ
816 2453 979 2547 βίας
1014 2453 1299 2548 ἄξουσι,

252 2559 405 2629 Hinc
451 2581 595 2629 non
643 2557 1104 2630 dubitandum
1139 2557 1440 2643 videtur,
1495 2558 1662 2650 quin
1714 2556 2067 2628 adiectum
2105 2556 2192 2630 ab
2230 2558 2606 2652 interprete

251 2663 472 2742 αὐτοῖς
506 2661 853 2756 expulerit
886 2662 1105 2734 verba
1139 2684 1322 2756 quae
1355 2661 1757 2734 necessaria
1797 2672 2026 2734 erant:

1569 2764 1744 2836 ἀλλὰ
1777 2766 1895 2837 καὶ
1934 2764 2009 2836 σὲ
2044 2766 2154 2835 δεῖ

542 2868 839 2958 στείχειν
875 2869 990 2960 ἅμ’
1028 2869 1073 2964 ἢ
1108 2866 1233 2961 βίᾳ
1268 2869 1634 2940 στελοῦσιν
1670 2869 1816 2939 οἵδε
1853 2894 1953 2939 σε.

254 2972 387 3043 Non
445 2983 635 3045 recte
698 2983 932 3044 autem
996 2972 1126 3058 iste
1181 2972 1560 3065 interpres:
1628 2971 1937 3042 debebat
1989 2972 2177 3041 enim
2233 2970 2426 3062 αὐτῷ
2481 2969 2609 3040 ad-

257 3076 571 3162 scribere,
612 3075 804 3169 quod
857 3098 1019 3147 cum
1053 3074 1511 3168 Neoptolemo
1550 3074 1953 3145 abeundum
1992 3072 2412 3145 Philoctetae
2448 3092 2606 3143 esse

257 3177 462 3251 Ulixes
497 3179 688 3253 dicit.

435 3284 646 3355 Recte
700 3283 779 3353 G.
821 3281 1229 3375 Bernhardy
1274 3305 1344 3353 v.
1394 3282 1613 3351 1003.
1661 3278 2113 3350 scribendum
2164 3287 2406 3350 censet
2456 3282 2607 3361 ξυλ-

256 3382 517 3477 λαβετον
552 3385 801 3458 αὐτόν.

433 3491 507 3559 V.
555 3488 776 3615 1⁰⁰⁷·
818 3488 1294 3560 scribendum:

537 3588 590 3663 ὦ
625 3591 846 3689 μηδὲν
878 3592 1066 3683 ὑγιὲς
1100 3592 1264 3688 μηδ’
1304 3586 1679 3685 ἐλεύθερον
1712 3591 2030 3714 φρονῶν,

539 3695 634 3766 οἷ’
677 3691 770 3765 αὖ
805 3697 875 3785 μ’
913 3694 1254 3791 ὑπῆλθες,
1296 3693 1373 3770 ὅς
1407 3695 1475 3785 μ’
1520 3690 1882 3788 ἑθηροίσω,
1896 3692 2154 3818 ”Rafiah

537 3794 912 3893 πρόβλημα
950 3797 1216 3869 σαυτοῦ
1254 3798 1472 3867 παῖδα
1504 3793 1699 3867 τόνδ’
1742 3796 1989 3885 ἁγνῶτ
2026 3794 2213 3887 ἐμοί.

264 3898 366 3978 Oc
396 3905 459 3993 μ’
499 3900 859 3974 admonuit
892 3922 1006 3971 me
1042 3899 1489 3972 scribendum
1524 3920 1686 3970 esse
1723 3898 1803 3968 G.
1835 3896 2266 4009 Bernhardy.

439 4005 588 4081 Non
623 4015 816 4076 recte
854 4003 1200 4098 explicavi
1238 4003 1416 4074 haec
1450 4025 1515 4072 v,
1555 4005 1775 4073 1016.

538 4109 654 4180 καὶ
690 4108 821 4178 νῦν
857 4107 990 4199 ἔμ’,
1034 4102 1087 4177 ὦ
1126 4103 1451 4203 δύστηνε,
1496 4103 1846 4202 συνδήσας
1879 4128 2064 4181 νοεις
2134 4165 2139 4169 .

538 4213 729 4304 ἄγειν
765 4211 874 4281 ἀπ’
915 4211 1126 4305 ἀκτῆς
1161 4210 1388 4305 τῆςδε.

264 4307 429 4385 Idem
459 4329 572 4388 est.
599 4314 787 4387 enim
822 4334 905 4384 ac
941 4313 1002 4385 si
1037 4313 1334 4384 dixisset
1371 4313 1824 4384 συνδεθέντα.

370 4508 372 4511 ,
444 4419 644 4503 Quod
679 4441 746 4489 v.
786 4417 1008 4489 1076.
1042 4417 1376 4509 scriptum
1411 4425 1549 4487 est:

540 4516 795 4618 χρόνον
831 4521 1208 4609 τοσοῦτον,
1252 4520 1349 4597 εἰς
1385 4517 1556 4591 ὅσον
1590 4513 1684 4589 τά
1720 4519 1774 4589 τ’
1814 4522 1887 4590 ἐκ
1917 4516 2087 4595 νεώς

541 4622 859 4697 στείλωσι
893 4623 1179 4711 ναῦται,
