3328 5326
1180 374 1650 440 SOPHOCLES.
2477 384 2586 444 40⁴

437 562 511 633 V.
549 567 719 636 553.
750 565 998 658 legitur
1034 588 1126 638 ex
1163 568 1254 640 lo.
1296 567 1535 644 Aurati
1572 569 2088 644 emendatione:

540 667 742 740 οὐδὲν
782 664 866 744 σύ
903 695 1039 740 που
1081 667 1433 742 κάτοισθα
1468 673 1612 741 τῶν
1650 674 1915 746 σαυτοῦ
1951 676 2109 768 πέρι

541 771 588 840 ἃ
622 778 852 842 τοῖσιν
883 771 1307 867 Ἀργείοισιν
1343 774 1530 867 ἀμφὶ
1567 776 1699 848 σοῦ
1736 777 1861 850 νέα

536 872 944 965 βουλεύματ’
984 874 1161 965 ἐστί,
1202 878 1327 956 κού
1360 873 1585 966 μόνον
1621 876 2097 969 βουλεύματα,

540 978 670 1050 ἀλλ’
709 975 873 1071 ἔργα
910 974 1228 1072 δρώμεν’,
1272 981 1398 1049 οὐκ
1435 979 1522 1050 ἔτ’
1561 980 2060 1076 ἐξαργούμενα.

239 1079 304 1148 ln
355 1080 547 1150 libris
593 1090 713 1173 est
746 1082 931 1171 ἀμφὶ
971 1081 1024 1150 σ’
1066 1082 1339 1153 οὕνεκα.
1440 1082 1517 1153 Id
1562 1105 1982 1178 quamquam
2037 1094 2107 1158 et
2160 1088 2479 1160 facillime
2523 1099 2595 1158 et

238 1183 739 1276 elegantissime
777 1185 1081 1256 correxit
1108 1184 1434 1270 AuratuS,
1474 1208 1613 1258 non
1647 1190 1872 1260 ausim
1900 1199 2134 1259 tamen
2161 1189 2328 1260 nihil
2359 1193 2595 1262 verius

239 1288 355 1356 ista
394 1286 885 1357 emendatione
921 1307 1079 1357 esse
1115 1289 1564 1361 contendere.
1623 1290 1932 1385 Apparet
1966 1293 2153 1364 enim
2189 1315 2328 1366 non
2367 1296 2595 1365 minus

237 1400 417 1460 recte
473 1390 682 1460 scribi
731 1391 1074 1483 potuisse:
1132 1396 1205 1462 ἐν
1250 1397 1481 1466 τοῖσιν
1528 1394 1952 1488 Ἀργείοισιν
1998 1394 2183 1487 ἀμφὶ
2231 1397 2284 1467 o'
2341 1397 2593 1468 οὕνεκα

235 1490 640 1583 βουλεύματ’
680 1493 854 1563 ἐστί.

433 1596 747 1667 Poenitet
795 1617 909 1667 me
959 1598 1148 1691 quod
1213 1619 1462 1669 versus
1521 1598 1691 1669 637.
1741 1602 1908 1672 638.
1957 1596 2381 1672 Philoctetae
2432 1622 2590 1673 esse

237 1700 375 1783 sivi,
417 1720 674 1792 neque,
713 1709 791 1770 ut
827 1702 896 1770 in
932 1704 1152 1796 prima
1189 1700 1496 1772 editione
1533 1703 1858 1788 feceram,
1898 1702 2111 1775 choro
2152 1703 2351 1775 dedi:

535 1807 774 1894 ἴωμεν*
833 1803 878 1898 ἥ
913 1831 1026 1875 τοι
1064 1804 1335 1899 καίριος
1373 1804 1669 1900 σπουδὴ,
1710 1801 1932 1876 πόνου

532 1903 894 2001 λήξαντος,
935 1908 1158 1978 ὕπνον
1195 1903 1644 1979 κάνάπαυλαν
1679 1907 1954 2003 ἤγαγεν.

237 2007 488 2079 Vellem
524 2007 924 2082 Wunderus
959 2012 1370 2102 gravissima
1403 2010 1517 2080 illa
1555 2023 1998 2102 argumenta,
2051 2014 2305 2104 quibus
2340 2013 2587 2085 idnon

235 2123 410 2182 recte
452 2115 710 2186 factum
747 2133 904 2184 esse
941 2114 1320 2197 contendit,
1360 2114 1757 2205 protulisset
1791 2117 2042 2207 potius,
2082 2137 2291 2208 quam
2327 2127 2474 2190 tum
2510 2140 2587 2189 se

235 2217 652 2306 prolaturum
703 2215 1031 2301 dixisset,
1087 2217 1203 2288 ubi
1255 2237 1421 2308 eg0,
1477 2238 1602 2287 cur
1652 2216 1743 2286 ab
1794 2217 2124 2306 librorum
2177 2222 2588 2292 auctoritate

235 2318 700 2390 discessissem
715 2357 737 2403 »,
791 2322 1257 2412 exposuerim.
1341 2319 1537 2394 Duae
1583 2341 1881 2394 caussae
1914 2331 2106 2406 sunt,
2146 2344 2329 2418 quae
2368 2322 2585 2408 chori,

232 2443 356 2492 non
394 2422 820 2493 Philoctetae
870 2444 1027 2494 esse
1080 2423 1207 2494 hos
1257 2444 1495 2494 versus
1530 2424 1910 2516 postulent,
1950 2446 2125 2509 una,
2173 2426 2364 2518 quod
2420 2427 2587 2498 nihil

231 2526 402 2598 aliud
443 2528 823 2609 continent,
861 2548 1068 2618 quam
1093 2526 1287 2620 quod
1312 2526 1523 2597 modo
1552 2526 1828 2598 dixerat
1854 2527 2304 2614 Philoctetes;
2347 2530 2584 2615 altera,

233 2629 407 2720 quod
467 2627 855 2701 istiusmodi
906 2631 1328 2701 sententiosa
1378 2630 1629 2715 dicti0,
1683 2652 1865 2723 quae
1911 2634 2190 2726 propria
2241 2645 2347 2705 est
2393 2633 2583 2705 chori

231 2735 487 2826 tragici,
526 2734 783 2825 ubique
819 2735 1028 2805 inseri
1065 2735 1269 2819 solet,
1311 2735 1426 2805 ubi
1462 2755 1642 2827 quae
1681 2736 1860 2805 inter
1898 2738 2213 2808 scenicas
2250 2758 2588 2830 personas

235 2848 378 2906 acta
415 2848 577 2907 sunt
613 2836 701 2907 ad
738 2837 1146 2908 mutandum
1186 2839 1285 2907 rei
1321 2847 1573 2909 statum
1611 2839 1963 2909 inclinant.

421 2939 575 3013 Non
614 2950 804 3013 recte
843 2940 1230 3033 procedunt
1264 2939 1438 3010 haec
1476 2963 1542 3010 v.
1577 2938 1747 3010 641.

535 3044 748 3115 ΦῙΛ.
792 3044 898 3113 ἀει
927 3042 1128 3119 καλὸς
1155 3042 1370 3118 πλοῦς
1399 3042 1576 3130 ἔσθ’,
1610 3042 1786 3113 ὅταν
1815 3040 2070 3135 φεύγης
2096 3039 2292 3114 κακοὶ.

528 3149 703 3217 NE
765 3146 917 3219 οὔκ·
961 3144 1128 3219 ἀλλὰ
1162 3143 1540 3215 κάκείνοισι
1575 3146 1770 3215 ταῦτ’
1810 3144 2120 3216 ἐναντία.

235 3248 459 3340 ltaque
494 3248 892 3321 Doederlini
942 3249 1414 3319 coniecturam
1451 3243 1584 3316 οἶδ’
1626 3249 1696 3317 in
1743 3248 1971 3318 locum
2018 3250 2387 3341 negativae
2423 3210 2585 3343 par-

233 3352 470 3425 ticulae
500 3353 723 3423 intulit
756 3350 1172 3423 Wunderus.
1231 3350 1407 3421 Nihil
1439 3371 1615 3442 opus
1644 3362 1795 3421 erat
1821 3352 1952 3422 ista
1980 3354 2383 3436 mutatione,
2415 3374 2584 3425 con-

236 3455 468 3527 iunctis
503 3455 738 3527 verbis
779 3458 849 3526 in
885 3476 1098 3527 unam
1130 3455 1542 3525 sententiam
1581 3455 2176 3546 interrogativam:

528 3561 653 3629 οὐκ
690 3558 855 3631 ἀλλὰ
890 3557 1265 3629 κάκείνοισι
1299 3557 1495 3628 ταῦτ’
1536 3555 1857 3641 ἐναντίας

428 3662 629 3745 Quod
681 3682 1231 3755 saepennumero
1283 3659 1391 3744 fit,
1445 3669 1555 3743 ut,
1610 3659 1777 3732 dum
1832 3682 1970 3731 non
2023 3661 2343 3733 videmus
2391 3663 2580 3755 quod

235 3868 426 3937 minis
458 3868 742 3952 chorici,
780 3867 969 3960 quod
1008 3879 1114 3938 est
1146 3889 1212 3937 v.
1249 3868 1419 3937 676.
1493 3865 1570 3936 Id
1605 3868 1707 3938 sic
1746 3877 1853 3937 est
1887 3868 2369 3939 scribendum:

523 3971 700 4063 λόγῳ
737 3971 870 4061 μὲν
902 3967 1234 4066 ἐξήκουό,
1279 3969 1529 4041 ὄπωπα
1564 3971 1625 4039 δ’
1668 3971 1752 4040 οὐ
1788 3968 1981 4061 μάλα

528 4075 653 4144 τὸν
689 4068 994 4144 πελαταν
1030 4076 1326 4167 λέκτρων
1362 4071 1536 4143 ποτὲ
1570 4074 1713 4142 τῶν
1752 4073 1930 4150 Διὸς

520 4178 783 4259 Ἰξίονα
809 4175 943 4247 κὰδ
963 4171 1253 4272 ὁρομάὸ’
1290 4174 1576 4266 ἄμπυκα
1603 4176 1889 4266 δέσμιον
1918 4177 2009 4252 ὥς
2037 4175 2271 4267 ἔβαλεν

521 4278 917 4376 παγκρατὴς
950 4276 1243 4374 Κρόνου
1281 4284 1470 4355 παῖς.

230 4380 408 4453 Finis
452 4404 725 4475 quoque
783 4380 1108 4503 strophae
1156 4391 1518 4473 corruptus
1563 4392 1690 4452 est.
1776 4382 1961 4453 Libri
1994 4383 2361 4475 praebent:
2419 4386 2579 4456 τάδε

232 4484 443 4574 θαῦμ’
496 4485 626 4574 ἔχει
673 4513 799 4578 με,
855 4486 1001 4562 πῶς
1047 4485 1262 4572 ποτέ,
1328 4484 1472 4560 πῶς
1531 4481 1683 4555 πότ’
1752 4483 2255 4581 ἀμφιπλήκτων
2304 4487 2581 4584 ροθίων

233 4584 444 4673 μόνος
486 4587 728 4676 κλύων,
782 4590 927 4666 πῶς
976 4614 1115 4683 αρα
1166 4584 1651 4681 πανδάκρυτον
1703 4586 1890 4658 οὕτω
1921 4588 2175 4679 βιοτὰν
2219 4591 2570 4677 κατεᾝσχεν

2609 1833 2708 1893 ρ.9
