3328 5326
1271 403 1617 469 LATINUS.

249 594 547 652 τίθεσθαι
595 604 738 656 385.

249 677 490 738 τιταίνω
540 688 641 741 54.

250 761 508 847 τράποιο
555 772 741 827 activa
774 776 1055 841 potestate
1088 769 1387 841 improba·-

424 861 520 910 tur
555 860 654 914 84.

250 932 431 1038 τριβή
462 948 626 1039 ’2,52.
877 1018 886 1037 r

249 1042 475 1125 προτευς
504 1026 923 1099 θτυμοὶωγικος
977 1033 1070 1086 12.

249 1129 399 1180 τυκη
451 1119 592 1171 216.

787 1225 853 1289 Υ.

249 1329 403 1389 ὑπαί
454 1341 554 1393 34.

2506 374 2618 466 484

1330 615 1381 680 ³.
1492 592 1785 666 ὑπόξυλυς
1839 605 1978 657 143.

2018 733 2098 796 Φ.

1492 832 1951 917 φθογγοσκότος
2003 847 2022 898 1
2043 847 2141 899 30.

1495 916 1766 1001 φοβερός
1814 932 1957 986 232.

1500 1002 1804 1088 Φορκίδες
1862 1017 2001 1072 177.

2020 1141 2103 1208 Χ.

1490 1237 1717 1329 χρῄζω,
1738 1267 1856 1308 non
1876 1246 2080 1330 χρῄζω
2105 1252 2480 1311 scribendum
2499 1271 2627 1311 esse

1676 1342 1694 1392 1
1715 1344 1744 1396 2
1757 1345 1788 1397 3
1802 1382 1813 1394 .

935 1699 1230 1798 INDE
1252 1700 1332 1796 X
1411 1699 1850 1798 LATINU
1874 1697 1953 1797 S.

1286 1906 1592 1921 -ss———

779 2014 860 2081 A.

252 2125 582 2183 absolutum
612 2133 844 2200 tempus
892 2131 1011 2184 417
1038 2143 1128 2199 sq.

251 2212 504 2280 Aegidae
555 2217 655 2269 93.

248 2299 569 2371 Aegyptus,
604 2298 995 2372 Aegyptiadae
1049 2304 1162 2358 182
1190 2315 1283 2370 sq.

252 2385 522 2457 Aeschyli
553 2383 792 2440 Orestea
839 2389 952 2442 158
979 2402 1067 2457 sq.

249 2471 591 2542 Amphitruo
647 2476 784 2529 150.

201 2570 205 2575 ·
255 2559 559 2612 anacrusin
590 2555 1048 2629 monosyllabam
1077 2559 1385 2628 ancipitem

425 2659 550 2699 esse
601 2647 702 2702 72.

250 2736 628 2800 anapaestum
666 2732 723 2784 in
755 2730 1011 2785 secundo
1041 2730 1192 2801 pede
1222 2730 1377 2788 trim.

422 2814 601 2871 iamb.
650 2816 910 2886 spondeo
957 2817 1142 2886 excipi
1192 2816 1384 2872 solere

432 2907 574 2960 270.

250 2989 565 3060 asynarteti
594 3004 800 3043 versus
827 3003 924 3057 ap.
953 2987 1182 3043 Pindar.
1238 2992 1256 3042 1
1281 2989 1377 3046 15.

249 3075 522 3130 Athamas
576 3078 713 3131 176.

248 3161 394 3217 Attis
443 3164 552 3217 371
592 3175 685 3232 sq.

252 3248 518 3303 aulaeum
571 3251 685 3303 168
722 3262 812 3317 sq.

250 3471 422 3526 Belus
475 3474 614 3527 182.

783 3578 854 3647 C.

249 3710 491 3751 caesura
551 3693 608 3747 in
681 3693 1058 3747 commissura
1114 3689 1382 3748 vocabuli

423 3778 725 3849 compositi
776 3784 917 3837 128.
967 3779 1026 3832 in
1054 3793 1229 3833 versu
1264 3777 1382 3834 bu-

424 3865 602 3921 colico
654 3870 797 3922 330.

248 3967 482 4010 carmen
498 3951 570 4006 de
583 3951 841 4006 Nestoris
862 3949 1041 4006 rebus
1065 3953 1239 4021 gestis
1273 3956 1375 4009 20.

248 4039 464 4097 Chiron
516 4041 654 4094 154.

251 4127 466 4182 chorus
495 4125 553 4178 in
585 4122 882 4202 comoedia
930 4127 1048 4181 253
1076 4138 1167 4194 sq.

492 4211 552 4264 in
580 4205 898 4279 tragoedia,
924 4213 1029 4265 161
1072 4224 1163 4280 sq.

246 4299 466 4368 clipeus
495 4295 731 4352 Achillis
783 4298 878 4351 17.

246 4383 706 4453 comparationes
736 4397 830 4451 ap.
870 4381 1035 4436 Hom.
1097 4384 1169 4438 14
1203 4397 1294 4452 sq.

245 4470 644 4526 coniunctivus
666 4468 846 4524 futuri
867 4482 961 4537 ap.
982 4467 1210 4523 Latinos
1229 4470 1371 4527 429.

245 4556 534 4626 correptio
566 4554 908 4627 diphthongi
936 4555 997 4608 in
1026 4552 1140 4608 fine
1170 4553 1381 4627 dactyli

430 4646 449 4696 1
469 4647 499 4699 2
511 4647 543 4698 8
555 4685 566 4696 .

330 4739 524 4801 fluum.
561 4738 670 4798 ΟΡ.
699 4740 848 4800 VIII.

2007 2016 2103 2082 J).

1492 2130 1685 2185 Danae
1738 2131 1851 2185 177
1887 2143 1975 2199 sq.

1491 2216 1743 2282 DanauS,
1781 2215 2069 2271 Danaidae
2124 2220 2236 2274 182
2265 2231 2354 2287 sq.
2617 2284 2627 2294 ,

1492 2300 1982 2371 diphthongorum
2012 2302 2329 2361 solutiones
2382 2308 2401 2359 1
2425 2308 2522 2361 18.

1491 2388 1694 2443 divisio
1718 2386 1984 2442 vocabuli
2012 2390 2073 2443 in
2094 2389 2208 2444 fine
2232 2404 2436 2444 versus
2478 2394 2616 2448 128.

1490 2474 1738 2529 duarum
1778 2473 2045 2528 brevium
2073 2473 2427 2546 syllabarum
2457 2491 2624 2532 com-

1660 2560 2036 2615 mutationem
2101 2575 2235 2617 cum
2285 2578 2402 2618 una
2453 2563 2623 2636 longa

1661 2663 1756 2718 ap.
1788 2645 2014 2702 Pindar.
2044 2662 2334 2718 nusquam
2363 2648 2486 2704 fere
2515 2650 2625 2705 nisi

1658 2736 1720 2786 in
1751 2748 1907 2789 nom.
1943 2747 2146 2803 propr.
2184 2735 2431 2790 inveniri
2479 2742 2580 2794 68.

2013 2842 2094 2910 Ε.

1488 2952 1616 3023 ejus
1646 2956 1749 3025 qui
1798 2958 1939 3013 408.

1488 3039 1784 3095 elisionem
1826 3056 1942 3096 non
1987 3058 2115 3097 esse
2143 3041 2460 3117 legitimam
2489 3050 2625 3099 ante

1657 3128 1965 3183 anacrusin
2012 3133 2157 3186 291.

1485 3210 1764 3283 Epaphus
1818 3217 1956 3269 150.

2013 3323 2094 3392 F.

1487 3433 1677 3490 faxem
1705 3438 1847 3492 419.
1874 3435 2067 3505 faxim,
2098 3436 2227 3494 faxo
2245 3445 2358 3494 cet.
2385 3442 2502 3498 420
2520 3455 2611 3510 sq.

1488 3520 1769 3577 formulae
1801 3522 2130 3593 alloquendi
2158 3540 2252 3594 ap.
2288 3525 2453 3594 Hom.
2516 3531 2613 3585 12.

1488 3607 1794 3666 Furiarum
1815 3610 2041 3681 species
2062 3609 2344 3667 inAesch.
2367 3612 2614 3668 Eumen.

1669 3699 1807 3752 159.

1485 3778 1663 3835 futuri
1696 3765 1856 3836 latini
1886 3781 2069 3837 forma
2119 3786 2237 3840 417
2263 3799 2353 3854 ες.

1485 3864 1681 3921 futura
1737 3867 1795 3921 in
1840 3884 1904 3924 so
1950 3874 2009 3923 et
2052 3884 2129 3925 uo
2176 3871 2444 3926 exeuntia
2490 3885 2622 3926 esse

1658 3959 1856 4009 exacta
1886 3953 2079 4009 futura
2128 3958 2244 4014 422
2278 3972 2369 4027 sq.

1485 4037 1747 4095 futurum
1842 4047 2108 4097 exactum
2202 4058 2297 4113 ap.
2390 4042 2622 4100 Latinos

1663 4128 1781 4184 428
1816 4142 1905 4196 sq.

2014 4219 2094 4289 G.

1484 4333 1716 4402 genitivi
1744 4334 1803 4387 in
1836 4318 1943 4397 όος·
1973 4340 2029 4388 et
2062 4328 2167 4399 οῦς
2213 4338 2288 4392 73
2335 4334 2468 4391 adn.
2510 4338 2619 4391 52.

2010 4444 2103 4510 Η.

1482 4554 1827 4625 heptametri
1861 4555 2129 4629 dactylici
2177 4563 2277 4619 22.

1483 4641 1760 4697 Hercules
1812 4645 1926 4699 149
1958 4658 2047 4714 sq.

2123 4741 2207 4802 Ff
