3328 5326
1177 378 1583 442 AESCHYLU
1588 380 1654 442 S.
2494 381 2616 441 ⁴59

263 570 597 663 tragoedia
643 570 964 644 laudabili
1004 580 1258 644 conatu
1298 571 1368 641 in
1404 572 1749 644 theatrum
1791 570 2160 665 producta,
2196 593 2616 666 quamquam

260 675 321 744 in
351 674 719 766 potissimis
745 673 1162 766 quibusdam
1202 675 1412 747 rebus
1440 686 1746 747 erratum
1782 685 1954 759 erat,
1995 687 2232 746 tamen
2266 676 2360 746 ita
2394 676 2618 747 homi-

258 777 440 848 nibus
491 777 799 850 ostendit
833 787 1092 871 quanta
1133 778 1230 848 vis
1268 778 1363 849 sit
1395 779 1724 871 antiquae
1770 778 2262 873 simplicitatis,
2296 788 2374 850 ut
2408 780 2616 851 etiam

257 881 360 973 qui
391 881 698 952 novitate
744 882 969 974 primo
1005 892 1416 975 stupuerant
1451 882 1798 954 tardiores
1830 892 1903 956 et
1937 881 2336 954 hebetiores
2383 884 2616 967 animi,

256 1005 404 1058 mox
451 985 949 1058 incredibiliter
997 1007 1076 1057 se
1128 995 1517 1058 commotos
1569 1007 1728 1057 esse
1782 987 2180 1057 faterentur.
2269 986 2413 1056 lam
2446 1007 2620 1057 vero

257 1087 559 1160 audimus
609 1089 819 1159 etiam
864 1089 1200 1182 integram
1255 1089 1438 1162 illam
1491 1089 1868 1182 trilcgiam‚
1920 1110 2102 1184 quae
2147 1090 2299 1161 sola
2348 1100 2619 1164 servata

256 1202 377 1276 est,
443 1192 512 1264 in
575 1193 857 1264 brevius
922 1202 1351 1266 contractam
1402 1193 1678 1264 theatro
1726 1192 2056 1265 traditum
2106 1193 2217 1264 iri:
2284 1215 2496 1286 quam
2549 1194 2619 1264 in

252 1296 532 1389 patriam
582 1296 885 1388 linguam
931 1298 1307 1368 transferre
1344 1296 1608 1371 iussum
1642 1297 1980 1368 Ioannem·
2009 1295 2371 1368 Franzium
2406 1320 2620 1389 quum

252 1399 509 1471 videam
547 1399 958 1474 auctoritate
995 1400 1073 1470 Ο.
1108 1400 1376 1472 Mulleri
1412 1410 1482 1470 et
1521 1401 1564 1472 1.
1599 1400 1794 1473 Gust.
1823 1400 2194 1493 Droysenii
2230 1409 2618 1493 permotum

256 1502 623 1573 adscivisse
674 1522 855 1595 quae
905 1503 975 1573 hi
1026 1504 1148 1574 viri
1199 1503 1634 1578 incredibilia
1687 1505 2061 1578 commenti
2112 1514 2308 1587 sunt,
2359 1525 2620 1597 operae

254 1608 537 1700 pretium
564 1606 734 1677 duxi
761 1607 853 1678 de
883 1628 959 1677 re
986 1608 1264 1680 scenica
1302 1607 1371 1680 in
1409 1608 1557 1678 istis
1585 1607 1963 1700 tragoediis
1992 1628 2218 1702 pauca
2245 1607 2615 1678 disserere.

256 1709 516 1780 Accidit
567 1710 751 1780 enim
805 1711 969 1795 illis,
1020 1721 1132 1796 ut,
1171 1734 1386 1803 quum
1421 1712 1653 1782 omnia
1691 1732 1898 1805 quam
1938 1711 2456 1784 accuratissime
2494 1733 2623 1781 ex·

256 1834 491 1886 ornare
528 1825 888 1907 cuperent,
930 1816 1210 1907 antiqua
1249 1837 1408 1886 cum
1445 1814 1802 1886 hodiernis
1838 1825 2378 1901 commutarent,
2417 1824 2622 1909 puta-

256 1929 567 2009 rentque,
620 1937 799 2010 quae
853 1940 1039 1989 nunc
1094 1920 1388 1990 fortasse
1453 1919 1810 2012 placeant,
1863 1918 2075 1989 etiam
2121 1919 2407 1989 Graecis
2459 1928 2621 1989 ante

256 2023 399 2113 plus
448 2042 656 2113 quam
710 2021 851 2093 duo
905 2041 1244 2093 annorum
1299 2022 1486 2092 milia
1537 2023 1904 2115 placuisse.
1980 2022 2236 2095 Verum
2288 2023 2355 2092 in
2410 2043 2622 2093 ea‘re

257 2124 488 2196 levitas
525 2136 597 2195 et
632 2125 890 2196 cursim
940 2135 1350 2219 peragratae
1399 2125 1823 2218 antiquitatis
1868 2126 2272 2210 ostentatu),
2312 2146 2453 2195 non
2498 2147 2624 2219 pe-

258 2227 402 2298 ritia
449 2238 521 2299 et
569 2228 875 2300 studium
926 2229 1232 2300 veritatis
1283 2229 1610 2300 cernitur.
1697 2229 1925 2300 Facile
1975 2239 2084 2299 est
2132 2228 2396 2322 fingere
2444 2249 2624 2321 quae

260 2333 429 2404 facta
463 2353 625 2403 esse
658 2333 1009 2425 potuerint
1053 2331 1150 2426 (et
1186 2354 1324 2403 non
1365 2333 1540 2406 haec
1577 2343 1868 2416 tantum,
1908 2333 2036 2404 sed
2074 2334 2278 2403 etiam
2317 2354 2499 2425 quae
2534 2354 2624 2402 ne

262 2444 621 2527 potuerunt
679 2435 963 2528 quidem
1026 2435 1173 2508 fieri
1228 2459 1354 2529 pro
1407 2437 1584 2507 veris
1634 2437 1913 2508 vendita
1965 2436 2332 2530 videmus):
2387 2458 2627 2507 verum

259 2538 372 2630 qui
418 2560 557 2609 non
609 2540 801 2612 lusus
839 2540 1330 2611 luxuriantium
1369 2540 1828 2632 ingeniorum,
1867 2540 1994 2611 sed
2032 2562 2145 2611 res
2183 2549 2471 2611 testatas
2510 2550 2629 2611 aut

262 2641 428 2715 iusta
476 2644 999 2715 ratiocinatione
1054 2644 1376 2715 inventas
1423 2654 1952 2739 repraesentare
1997 2645 2260 2729 volent,
2312 2663 2437 2714 eos
2486 2667 2627 2716 non

262 2744 458 2817 decet
503 2751 817 2841 proferre
871 2769 1052 2841 quae
1108 2749 1337 2841 neque
1394 2770 1479 2818 an
1536 2750 1791 2820 fuerint
1837 2750 2096 2832 sciunt,
2151 2760 2254 2832 et„
2309 2749 2367 2818 si
2413 2758 2629 2840 quae—

269 2860 505 2933 rerent,
544 2862 663 2925 aut
700 2873 840 2922 non
881 2853 1116 2937 fuisse,
1156 2861 1276 2923 aut
1310 2853 1525 2923 multo
1555 2854 1756 2923 aliter
1782 2862 2179 2945 comparata
2211 2852 2623 2922 invenirent.

269 2952 355 3023 lta
386 2956 534 3046 quis
571 2955 816 3027 credat
841 2955 1081 3026 Furias
1118 2956 1187 3025 in
1215 2956 1718 3027 Eumenidibus
1758 2955 1964 3026 foeda
2000 2956 2114 3025 illa
2147 2955 2386 3047 specie
2414 2956 2631 3025 intro-
2647 2982 2699 3033 p.
2719 2971 2747 3017 ⁴

270 3055 496 3130 ductas
532 3081 691 3131 esse
727 3080 933 3151 quam
970 3061 1224 3152 pictam
1262 3057 1460 3130 ¹dedit
1488 3059 1558 3129 C.
1583 3060 2000 3151 BottigeruS‚
2031 3080 2261 3150 neque
2296 3058 2631 3150 intelligat

272 3163 533 3233 refutari
586 3163 771 3235 istud
818 3163 1171 3234 inventum
1216 3162 1447 3233 multis
1500 3163 1630 3232 illis
1683 3163 2004 3253 antiquae
2060 3163 2228 3232 artis
2277 3161 2629 3254 operibus⁹

274 3262 330 3331 in
382 3267 625 3358 quibus
678 3267 922 3339 Furiae
967 3266 1285 3337 Orestem
1338 3276 1840 3359 persequentes
1893 3266 2460 3358 conspiciuntur?
2513 3275 2633 3336 aut

274 3369 415 3457 quis
446 3370 688 3441 credat
731 3392 922 3441 aram
959 3369 1366 3464 Delphicam
1402 3370 1472 3438 in
1509 3391 1722 3440 scena
1759 3369 2058 3462 positam
2092 3390 2251 3439 esse
2287 3369 2424 3439 illis
2455 3390 2632 3460 quas

277 3469 622 3566 Euripides
692 3473 1068 3547 nominavit
1148 3473 1440 3546 deorum
1520 3472 1937 3565 imaginibus
2018 3482 2386 3555 ornatam‚.
2443 3471 2634 3563 quod

278 3573 544 3649 Mullero
578 3578 798 3649 visum
849 3588 988 3661 est,
1029 3578 1193 3669 quja
1225 3578 1399 3647 deos
1436 3576 1723 3670 Delphis
1760 3577 1985 3646 cultos
2022 3575 2358 3646 sacerdos
2393 3573 2635 3667 Pythia

277 3675 574 3751 invocet?
626 3681 955 3755 Naturam
992 3681 1436 3753 imitabantur
1463 3679 1735 3764 Graeci,
1776 3701 2002 3773 eoque
2041 3680 2110 3750 in
2146 3700 2354 3749 omne
2390 3699 2635 3749 aevum

277 3800 392 3871 pro
424 3784 760 3878 exemplis
795 3785 935 3855 veri
975 3785 1284 3876 rectique
1324 3794 1546 3856 erunt.
1621 3782 1834 3875 Atqui
1885 3792 2175 3853 naturae
2212 3784 2438 3874 legem
2473 3801 2634 3851 esse

277 3897 549 3972 constat,
588 3888 778 3980 quod
816 3889 1057 3982 paucis
1096 3887 1245 3958 fieri
1282 3888 1523 3982 possit,
1562 3907 1705 3958 non
1741 3886 2026 3957 efficere
2061 3908 2185 3979 per
2221 3887 2459 3968 multa,
2499 3884 2634 3959 hoc

290 3998 405 4071 est,
437 4001 509 4063 ut
539 3991 686 4062 aliis
725 3992 959 4063 verbis
987 3991 1238 4078 dicam,
1269 3991 1438 4062 nihil
1475 3991 1833 4062 instituere
1861 3989 2050 4082 quod
2088 4011 2225 4060 non
2263 3989 2352 4060 sit
2386 4006 2637 4060 neces-

299 4092 540 4165 sarium.
611 4097 700 4169 Et
735 4115 943 4188 quam
987 4096 1057 4164 in
1105 4094 1390 4189 picturis
1426 4094 1853 4167 Graecorum
1906 4089 2422 4184 caelaturisque
2469 4092 2638 4162 sim-

299 4192 639 4281 plicitatem
674 4199 1045 4285 cernimuS‚
1085 4199 1156 4271 in
1192 4199 1443 4291 quibus
1479 4220 1661 4291 quae
1707 4219 1846 4269 non
1891 4196 2289 4269 necessaria
2313 4207 2489 4266 sunt
2521 4197 2637 4266 vel

301 4293 478 4381 plane
523 4304 960 4388 omittuntur,
1013 4303 1116 4375 vel
1169 4301 1644 4395 significantur
1704 4301 1924 4393 magis
1984 4299 2402 4392 quibusdam
2455 4300 2637 4370 notis

302 4416 481 4483 quam
527 4407 1064 4523 contemplanda
1111 4405 1567 4490 exhihentur,
1622 4406 1718 4475 ita
1751 4405 1906 4518 quis
1945 4404 2216 4475 dubitet
2247 4403 2415 4496 quin
2452 4402 2636 4473 idem

306 4498 488 4573 etiam
541 4510 795 4581 factum
845 4510 934 4580 sit
981 4510 1050 4583 in
1103 4510 1314 4581 rebus
1363 4510 1713 4581 scenicis?
1811 4486 2024 4578 Immo
2087 4528 2177 4578 ne
2240 4507 2639 4577 coniectura

308 4602 550 4688 quidem
586 4634 763 4706 opus
795 4624 925 4699 est,
965 4637 1179 4706 quum
1215 4613 1725 4707 apertissimum
1755 4611 2258 4683 documentum
2307 4607 2640 4702 praebeat
