3328 5326
732 394 855 455 226
1707 389 2135 451 EURIPIDES.

732 593 881 656 erat
918 585 1203 653 electus
1261 580 1658 651 Declaravit
1696 581 2136 675 Thucydides
2180 584 2207 650 l
2230 638 2242 652 .
2277 584 2347 652 9.
2392 583 2622 665 Quare
2659 580 3087 651 scribendum

731 686 1030 770 videtur,

936 788 1165 884 μηδέν’
1209 788 1296 856 ἂν
1331 781 1633 881 κράτους
1670 791 1861 857 ἕκατι
1896 785 2305 884 προστάτην
2339 785 2604 884 θείμην
2639 783 2931 876 χθονός.

734 894 1024 964 Versum
1064 890 1235 961 376.
1268 890 1512 961 iniuria
1551 890 1804 960 abiecit
1840 891 2262 985 Hartungus.

939 996 1013 1063 In
1048 994 1589 1087 Agamemnonis
1626 995 1938 1065 oratione
1974 1019 2040 1064 v.
2078 994 2248 1065 379.
2282 994 2491 1064 scribi
2529 993 2802 1063 debuit:

1193 1094 1550 1188 βούλομαί
1586 1098 1638 1167 σ’
1680 1100 1898 1167 εἰπεῖν
1935 1099 2155 1174 κακῶς
2193 1098 2308 1186 οὔ,
2348 1099 2640 1191 βραχεά.

736 1201 810 1271 V.
847 1202 1013 1271 383.
1047 1199 1412 1291 viditquid
1449 1200 1587 1270 dici
1627 1200 1919 1270 deberet
1947 1201 2363 1293 HartunguS,
2393 1222 2606 1291 quum
2635 1200 2864 1292 posuit
2889 1200 3089 1291 λέκτρ’

731 1304 893 1398 ἐρᾷς
926 1305 1137 1400 χῆρος
1174 1307 1441 1394 λαβεῖν,
1484 1324 1728 1374 verum
1765 1304 1836 1374 id
1876 1305 2281 1375 arcessitum
2320 1313 2445 1374 est.
2530 1303 2792 1373 Usitata
2827 1302 3094 1394 tragicis

733 1407 951 1478 oratio
1000 1409 1394 1500 postulabat
1442 1408 1654 1501 λέκτρ’
1699 1408 1861 1501 ἐρᾷς
1909 1406 2178 1503 χρῄζων
2213 1412 2476 1498 λαβεῖν.
2587 1406 2663 1476 V.
2709 1408 2880 1476 389.
2922 1407 3093 1475 bene

732 1510 958 1582 editor
1005 1511 1375 1581 Britannus
1426 1511 1723 1581 restituit
1770 1514 2170 1606 μετεθέμην
2219 1508 2614 1601 εὐβουλίαν.
2695 1509 2898 1579 Gravi
2934 1510 3091 1579 vitio

733 1613 979 1684 affecta
1015 1623 1176 1685 sunt
1213 1614 1418 1698 haec,
1460 1638 1526 1683 v.
1566 1616 1735 1686 392.

836 1717 1123 1808 ὤμοσαν
1160 1716 1286 1786 τὸν
1336 1720 1402 1786 T
1397 1715 1763 1815 υνᾷάρειον
1801 1717 2011 1811 ὅρκον
2050 1721 2119 1785 οἱ
2155 1712 2615 1811 κακόφρονες»

835 1817 1216 1912 φιλόγαμοι
1250 1819 1668 1914 μνηστῆρες.
1713 1820 1754 1915 ἦ
1795 1821 1872 1889 δέ
1901 1820 1954 1908 γ’
1994 1818 2209 1906 ἐλπὶς,
2254 1815 2455 1909 οἶμαι
2491 1820 2649 1910 με’ν,
2690 1816 2895 1902 θεός,

832 1923 1244 2016 κάξέπραξεν
1282 1920 1459 1991 αὐτὸ
1494 1923 1760 2012 μᾶλλον
1797 1922 1839 2016 ἢ
1881 1921 1964 1991 συ
2002 1921 2116 1990 καὶ
2152 1920 2237 1990 τὸ
2276 1920 2401 1991 σὸν
2441 1923 2720 1998 σθένος.

730 2025 905 2095 Illud
938 2024 1221 2116 quidem
1259 2024 1559 2095 dubitari
1598 2046 1739 2095 non
1777 2034 2030 2118 potest,
2068 2022 2233 2115 quin
2259 2024 2586 2095 Matthiae
2624 2035 2696 2093 et
2723 2023 3093 2117 Seyffertus

733 2138 921 2198 recte
958 2128 1283 2199 iusserint
1315 2124 1429 2223 ἦγε
1469 2129 1528 2197 δ’
1572 2129 1762 2205 ἐλπὶς
1798 2129 2028 2218 scribi.
2122 2126 2261 2198 Sed
2316 2127 2508 2196 nihili
2560 2139 2667 2198 est
2704 2124 2909 2218 οἶμαι
2946 2129 3094 2219 μέν,

731 2232 801 2301 in
837 2232 1086 2323 quibus
1115 2232 1348 2301 verbis
1393 2233 1558 2301 latet
1594 2232 1950 2324 epitheton
1977 2231 2254 2324 generis
2291 2230 2620 2300 feminini.
2682 2231 2888 2302 Notio
2919 2253 3098 2301 com-

729 2337 955 2406 munis
1008 2335 1231 2418 enim,
1285 2357 1498 2426 quum
1543 2336 1611 2403 in
1668 2357 1927 2406 numen
1963 2335 2288 2418 vertitur,
2328 2335 2478 2404 sive
2515 2334 2922 2404 femininum
2960 2335 3098 2404 sive

729 2439 1007 2531 generis
1057 2439 1287 2508 neutri
1333 2458 1586 2507 nomen
1633 2437 1876 2521 habet,
1930 2437 2102 2514 θεὸς
2147 2437 2397 2508 dicitur
2446 2459 2705 2530 genere
2753 2438 3097 2521 feminin0,

732 2543 949 2611 forma
1010 2552 1241 2611 autem
1302 2540 1685 2611 masculina
1706 2595 1724 2624 ,
1793 2541 1949 2632 quia
2014 2540 2156 2639 θεὰ
2208 2562 2420 2612 sexus
2475 2542 2955 2612 diversitatem
3007 2542 3102 2610 in-

730 2643 1044 2716 dicatura
1080 2654 1287 2728 esset,
1328 2644 1445 2714 ubi
1482 2645 1629 2714 sola
1666 2644 2042 2716 divinitatis
2081 2645 2364 2716 notione
2394 2668 2568 2739 opus
2606 2655 2735 2729 est,
2775 2655 2851 2715 ut
2886 2639 3097 2742 λήθη,

577 2763 703 2825 PM
732 2746 1018 2819 εὐκταία
1043 2745 1215 2824 θεός
1253 2748 1322 2817 in
1351 2748 1635 2818 Hecuba
1667 2750 1748 2820 21
1774 2747 1838 2818 4.
1871 2746 2082 2844 λύπη,
2125 2749 2312 2845 δεινὴ
2341 2749 2511 2826 θεὸς
2540 2748 2799 2819 ibidem
2827 2772 2899 2819 v.
2939 2752 3098 2820 399.

727 2849 1148 2946 Ἀφροδίτη,
1191 2851 1387 2946 ἡδεῖα
1421 2852 1591 2929 θεὸς
1627 2852 1697 2920 in
1727 2852 2120 2921 Phoenissis
2155 2849 2322 2923 402.
2361 2851 2548 2922 unde
2577 2851 2761 2945 apud
2789 2850 3101 2945 Aeschy-
3252 2892 3261 2999 ρ

729 2955 870 3024 lum
905 2953 1146 3045 Agam.
1186 2952 1355 3024 778.
1389 2953 1694 3045 δαίμονά
1731 2981 1804 3025 τε
1843 2955 1976 3024 τὰν
2015 2954 2318 3045 ἄμαχον,
2363 2954 2744 3047 ἀπόλεμον,
2788 2955 3096 3050 ἀνίερον,
3258 3006 3261 3063 η

727 3055 1028 3153 θράσος.
1091 3057 1203 3127 Sic
1241 3058 1448 3129 etiam
1485 3059 1705 3128 Latini
1742 3069 1817 3128 ut
1845 3058 2094 3128 Calvus
2133 3057 2319 3150 apud
2357 3059 2784 3129 Macrobium
2822 3058 2969 3128 Sat.
2997 3059 3092 3127 ΙΙΙ.
3258 3074 3259 3079 ’

733 3164 798 3231 8.
825 3159 1304 3255 pollentemque
1341 3160 1537 3231 deum
1587 3159 1914 3232 Venerem.
1974 3161 2169 3231 Nunc
2200 3161 2291 3232 ad
2320 3157 2522 3250 οἶμαι
2547 3161 2677 3252 μὲν
2715 3161 3096 3231 litterarum

729 3264 1173 3334 similitudine
1210 3266 1527 3357 proxime
1564 3265 1838 3336 aceedit
1873 3260 1992 3360 ἦγε
2028 3266 2090 3333 δ’
2135 3262 2350 3351 ἐλπίς,
2386 3265 2677 3360 ὀλομένη
2707 3262 2911 3342 θεός.
2977 3265 3096 3334 Po-

729 3377 910 3437 terat
936 3389 1105 3438 vero
1132 3369 1341 3438 etiam
1371 3363 1626 3465 αἰμύλη
1666 3368 1836 3445 θεὸς
1874 3366 2047 3435 dici:
2091 3376 2161 3436 et
2187 3367 2675 3459 grammaticus
2704 3368 2775 3436 in
2803 3367 3094 3438 Bekkeri

728 3470 993 3541 Anecd.
1036 3493 1103 3563 p.
1151 3466 1326 3556 363,
1367 3473 1435 3543 2.
1478 3469 1877 3566 Εὐριπίδης
1923 3468 1997 3538 δὲ
2044 3469 2157 3539 καὶ
2220 3467 2476 3566 αἱμύλη
2542 3466 2687 3540 εἶπε
2745 3473 3090 3566 θηλυκῶς.

727 3573 995 3645 Deinde
1034 3594 1201 3646 vero
1238 3574 1404 3668 quid
1442 3584 1550 3644 est
1577 3570 1808 3644 αὐτόὲ
1862 3573 1930 3641 Si
1957 3574 2167 3643 verba
2194 3583 2611 3666 spectamus,
2644 3574 2913 3644 iurasse
2943 3597 3096 3667 pro-

729 3699 871 3750 cos
954 3677 1044 3746 At
1095 3687 1236 3748 tum
1292 3678 1490 3769 sequi
1540 3676 1879 3759 debebat,
1930 3676 1971 3770 ἢ
2009 3675 2092 3745 τὸ
2143 3666 2515 3770 Τυνδάρεω
2554 3678 2837 3764 σθένος,
2881 3675 3094 3771 nono}

732 3779 815 3850 σὺ
866 3781 982 3849 καὶ
1023 3779 1107 3851 τὸ
1162 3780 1286 3851 σὸν
1336 3782 1620 3857 σθένοςε
1688 3779 2096 3871 praesertim
2160 3801 2372 3871 quum
2438 3778 2604 3872 quid
2668 3780 2755 3849 sit
2806 3778 3094 3850 Menelai

732 3884 987 3960 σθένος
1023 3904 1162 3953 non
1200 3894 1549 3977 appareat.
1627 3883 1738 3951 Ex
1774 3903 1911 3973 quo
1949 3883 2393 3974 consequitur
2429 3883 2881 3954 scribendum
2921 3903 3094 3965 esse,

958 3987 1373 4080 κάξεπραξεν
1411 3984 1587 4056 αὐτὸ
1623 3986 1891 4076 μᾶλλον
1925 3985 1967 4081 ἢ
2009 3986 2083 4056 σὲ
2118 3985 2232 4056 καὶ
2268 3984 2352 4056 τὸ
2393 3985 2517 4056 σὸν
2557 3989 2867 4057 σθένειν.

731 4087 943 4179 Spes,
996 4089 1247 4180 inquit,
1303 4110 1554 4182 procos
1606 4087 1932 4172 adduxit,
1972 4098 2047 4158 ut
2097 4088 2432 4172 iurarent,
2486 4098 2691 4181 atque
2743 4087 2979 4159 effecit
3028 4096 3094 4158 ut

730 4188 1201 4261 iusiurandum
1235 4193 1465 4285 potius
1504 4213 1712 4285 quam
1750 4202 1823 4262 tu
1860 4202 1976 4261 aut
2014 4203 2131 4262 tua
2166 4213 2277 4263 res
2322 4193 2631 4284 polleret.
2718 4191 2871 4262 Non
2923 4191 3088 4263 dixit
3252 4228 3257 4347 ς

730 4293 963 4380 πλέον,
1015 4295 1143 4364 sed
1191 4298 1483 4385 μᾶλλον,
1540 4296 1702 4387 quia
1748 4316 1889 4365 non
1941 4295 2227 4366 volebat
2286 4294 2571 4388 intelligi
2620 4295 3088 4367 iusiurandum
3252 4352 3255 4393 ρ

729 4395 881 4488 plus
933 4397 1234 4467 valuisse
1294 4399 1479 4492 apud
1545 4420 1797 4491 procos
1851 4398 1941 4469 ad
2001 4397 2514 4491 suscipiendam
2574 4399 3086 4491 expeditionem
3252 4400 3255 4439 :

729 4498 1113 4585 Troianam,
1153 4502 1280 4571 sed
1316 4523 1438 4573 eos
1474 4523 1614 4573 non
1655 4512 1796 4572 tam
1831 4502 2126 4573 Menelai
2162 4501 2483 4595 precibus
2520 4512 2592 4573 et
2618 4503 2918 4573 adversa
2947 4504 3083 4572 for·
3250 4448 3255 4645 Ι

728 4611 916 4688 tuna,
956 4624 1162 4695 quam
1198 4602 1337 4676 fide
1374 4605 1661 4677 iurando
1700 4606 1864 4678 data
1901 4627 2058 4678 esse
2095 4616 2493 4699 permotos..
3250 4656 3253 4657 ν

1379 4938 1404 4973 N
