3328 5326
660 379 794 439 :364
1693 373 2022 439 HYMNUS.

659 570 827 641 dam
880 570 1070 640 libris
1116 567 1365 666 πόληες
1409 580 1544 640 est.
1640 569 1830 640 Unus
1881 569 2088 653 liber,
2142 567 2260 660 qui
2309 566 2609 650 videtur
2637 587 2797 650 esse
2834 567 3036 640 editio

663 674 930 743 Veneta
973 694 1038 743 a.
1090 675 1309 745 4555.
1362 674 1495 743 hoc
1549 673 1769 742 verbo
1814 670 2389 767 ἠπείροιο-»θοίνα
2442 689 2724 741 versum
2770 670 3037 742 dicitur.

659 776 871 861 Quod
910 798 951 846 a
986 777 1093 845 Fr.
1129 776 1531 848 Thierschio
1569 777 1999 869 propositum
2040 775 2394 852 Heckerus
2438 775 2776 865 probavit,
2814 774 3045 845 'Hau'-

661 905 826 975 ροιο
880 878 1248 975 μελαίνης,
1292 888 1486 950 certo
1523 901 1666 949 non
1703 880 1981 971 scripsit
2016 878 2527 948 Callimachus·
2583 878 2755 947 Nam
2790 887 2866 947 et
2902 879 3048 948 lon—

661 982 952 1076 gissime
998 983 1378 1077 a-Delphis
1426 982 1639 1053 distat
1689 984 1979 1076 Epiru8‚
2035 982 2141 1052 ad·
2177 1003 2388 1073 quam
2439 1001 2528 1051 ne
2580 993 3049 1074 pervenerunt

667 1086 952 1178 quidem
991 1086 1194 1170 Gaui,
1231 1107 1398 1172 nec,
1438 1087 1493 1157 si
1536 1088 1795 1157 mentio
1837 1088 1989 1158 eius
2024 1084 2170 1156 fieri
2210 1086 2584 1177 potuisset,
2614 1086 2867 1155 inutile
2906 1087 3050 1179 epi—-

669 1190 908 1260 theton
959 1190 1332 1261 adiecisset
1377 1202 1609 1283 poeta.
1699 1190 1850 1262 Alia
1905 1211 2047 1260 non
2078 1190 2307 1260 amulto
2357 1179 2782 1286 probabilior
2829 1190 3050 1281 expli-

663 1293 848 1363 catio
879 1294 1149 1363 inventa
1189 1306 1297 1364 est
1332 1315 1371 1364 a
1403 1294 1857 1377 Schneidem,
1887 1295 2006 1384 qui
2040 1291 2362 1388 ἠπείροιο
2396 1289 2753 1385 φάραγγες
2777 1303 3047 1378 tenenS‚

665 1396 936 1481 Crisae‚
996 1406 1069 1468 ut
1117 1398 1273 1470 ioco
1323 1397 1416 1467 ad
1449 1417 1656 1467 amare
1708 1398 1873 1481 sito,
1913 1396 2207 1492 ἤπειρον
2245 1405 2319 1466 ut
2363 1392 2752 1486 μεσόγαιαν
2790 1398 3050 1490 opponi

669 1501 954 1591 putavi&
993 1549 998 1558 -
1084 1497 1255 1571 Nam
1320 1519 1506 1593 quae
1565 1497 1951 1571 firmandae
2013 1500 2174 1570 huic
2237 1500 2789 1592 interpretationi
2857 1500 3052 1572 affert

664 1603 975 1697 Dionysii
1016 1606 1415 1697 periegetae
1453 1606 1671 1675 verba
1705 1627 1772 1674 v.
1808 1606 1896 1674 87
1912 1605 1978 1674 6.
2013 1602 2184 1674 904.
2227 1603 2443 1673 4085.

976 1713 1051 1777 αἱ
1087 1708 1220 1798 μὲν
1253 1712 1327 1779 ἐν
1357 1707 1649 1805 ἠπείρῳ,
1695 1714 1770 1778 αἱ
1806 1710 1866 1777 δ’
1906 1708 2127 1802 αὐτῆς
2160 1705 2323 1795 ἄγχι
2357 1701 2744 1802 θαλάσσης·

541 1827 643 1887 9-7
731 1863 736 1868 -
980 1816 1049 1880 οἱ
1084 1811 1215 1902 μὲν
1252 1814 1327 1881 ἐν
1360 1811 1621 1908 ἠπείρῳ
1664 1851 1757 1864 —-
1798 1818 1863 1882 oi
1904 1812 1964 1881 δ’
2007 1810 2173 1887 ἁλὸς
2208 1810 2403 1899 ἐγγύς
2437 1807 2696 1886 ἐόντες·

975 1920 1047 1983 οἱ
1082 1913 1213 2004 μὲν
1248 1912 1670 2009 ὑπειράλιοι,
1712 1914 1828 1986 τοὶ
1866 1913 1924 1984 (Υ
1967 1913 2255 1984 ἔνδοθεν
2290 1913 2700 2009 ἠπειρῶται.

666 2017 983 2108 aliosque
1035 2018 1296 2089 similes
1345 2020 1571 2103 locos,
1626 2039 1868 2089 eorum
1921 2018 2115 2087 nulla
2167 2016 2256 2087 ad
2294 2016 2734 2109 probandum
2771 2019 2885 2088 vis
2926 2028 3051 2103 est,

666 2121 830 2212 quia
869 2121 935 2189 in
974 2121 1056 2191 iis
1096 2133 1335 2215 aperte
1375 2124 1528 2193 loca
1571 2122 1664 2191 ad
1714 2143 1906 2191 mare
1945 2122 2077 2190 sita
2113 2141 2154 2190 a
2191 2120 2481 2192 remotis
2516 2140 2558 2189 a
2594 2122 2767 2192 mari
2806 2122 3054 2192 distin-

663 2234 1002 2317 guuntur,
1060 2227 1287 2318 campi
1345 2236 1578 2296 autem
1631 2224 1892 2295 Crisaei
1946 2245 2163 2316 quum
2217 2225 2681 2307 nominantur,
2735 2246 3048 2319 camp08‚

666 2349 809 2397 non
860 2328 1085 2413 littus,
1125 2350 1353 2421 eoque
1389 2325 1558 2398 nihil
1594 2329 1785 2420 quod
1823 2329 2179 2399 diversum
2223 2327 2313 2397 sit
2348 2328 2437 2396 ab
2462 2347 2589 2411 ec,
2630 2327 2823 2419 quod
2861 2330 3052 2425 ἤπει-

662 2455 792 2522 ρος
828 2443 1147 2517 vocatur,
1189 2434 1531 2503 nominari
1566 2433 1910 2504 videmus.
1972 2431 2156 2516 Quid
2193 2431 2382 2523 quod
2412 2452 2502 2501 ne
2531 2431 2872 2502 credibile
2900 2433 3054 2525 qui·-

662 2532 831 2601 dem
886 2544 1029 2619 est,
1079 2546 1360 2627 poetam
1406 2536 1668 2627 ubique
1706 2535 2115 2606 eruditionis
2159 2534 2623 2606 ostentandae
2660 2535 3054 2608 studiosum
3254 2425 3270 2767 Ι

666 2645 810 2705 tam
862 2635 1105 2707 infiniti
1160 2637 1589 2730 significatus
1635 2660 1890 2710 nomen
1940 2659 2239 2732 ponere,
2292 2657 2513 2730 quam
2553 2650 2824 2715 certum
2874 2641 3055 2713 illius

666 2739 971 2831 regionis
1044 2743 1276 2813 locum
1345 2743 1706 2813 nominare
1778 2743 2125 2813 maluisse.
2263 2743 2582 2812 Habebat
2666 2754 2907 2817 autem
2990 2745 3055 2813 in

666 2854 1013 2936 promptu,
1051 2846 1111 2914 si
1147 2847 1488 2916 scriberet
1523 2847 1639 2917 καὶ
1676 2847 1882 2936 ἄγκεα
1925 2849 2414 2942 Παρνησσοῖο.
2486 2846 2657 2916 Nam
2696 2849 2893 2938 quod
2932 2849 3056 2918 ad-

660 2946 889 3018 ditum
925 2960 1033 3018 est
1072 2950 1364 3020 verbum
1401 2949 2209 3044 ἀμφιπεριστείνωνται,
2266 2950 2388 3018 vix
2430 2950 2572 3020 erit
2617 2951 2736 3041 qui
2786 2950 2882 3023 de
2930 2973 3055 3044 ge-

667 3051 1018 3123 mentibus
1069 3054 1273 3137 loeis,
1325 3064 1395 3124 et
1443 3075 1617 3138 non,
1676 3074 1816 3145 quo
1867 3052 2062 3124 ducit
2110 3054 2462 3123 numerosi
2514 3055 2874 3126 exercitus
2929 3056 3054 3127 de-

659 3156 974 3248 scriptio,
1012 3156 1105 3228 de
1131 3158 1430 3250 oppletis
1457 3156 2240 3228 conferta-multitudine
2270 3154 2573 3228 hostium
2599 3157 2866 3231 dictum
2897 3181 3053 3230 esse

666 3260 1023 3352 intelligat.
1114 3261 1439 3332 Ceterum
1499 3261 1888 3344 HeckeruS‚
1958 3260 2285 3351 quoniam
2353 3261 2779 3332 coniunctivi
2830 3264 3049 3356 ἀμφι-

659 3362 1241 3456 περιστείνωνται
1268 3375 1340 3435 et
1368 3367 1567 3435 ἴδωσι
1608 3387 1770 3436 cum
1808 3361 2053 3435 ὁππότ’
2095 3363 2184 3433 ἂν
2221 3363 2547 3456 coniungi
2577 3385 2718 3435 non
2755 3365 3047 3457 possint,

663 3477 953 3558 recepto
1005 3488 1098 3536 ex
1146 3468 1547 3538 melioribus
1600 3468 1792 3539 libris
1846 3466 2226 3538 indicativo
2265 3468 3046 3562 ἀμφιπεριστείνονται,

658 3571 768 3639 sic
806 3569 1258 3641 scribendum
1296 3571 1628 3641 coniecit:

976 3672 1091 3743 καὶ
1129 3673 1331 3745 πεδία
1367 3680 1691 3769 Komaia
1724 3672 1846 3746 καὶΔ
1873 3673 2242 3768 ’,Ηπείροιο
2276 3673 2609 3770 μελαίνης

977 3776 1754 3873 ἀμφιπεριρτείνονταιρ
1801 3779 1983 3848 ι”δωσ’
2025 3777 2143 3848 ὅτε
2178 3774 2391 3848 πίονα
2428 3777 2699 3871 καρπὸν

974 3876 1289 3969 γείτονος
1325 3883 1777 3972 αἰθομένοιο,
2340 3926 2343 3929 ¹
3258 3876 3270 4033 Ι

666 3982 735 4051 in
772 4004 911 4075 quo
949 3983 1039 4053 ad
1074 3982 1389 4071 γείτονος
1426 3986 1850 4074 αἰθομένοιο
1889 4006 1928 4054 e
1968 3983 2550 4077 praecedentibus
2589 3985 3046 4078 repetendum

659 4086 754 4155 sit
790 4087 1010 4180 ἀγροῦ
1050 4096 1169 4156 aut
1202 4085 1472 4157 πεδίου.
1536 4088 1630 4166 At
1660 4108 1893 4179 neque
1931 4088 2220 4180 impedit
2252 4088 2639 4180 quidquam
2677 4090 3046 4181 quominus

664 4200 959 4280 uterque
1011 4190 1497 4262 coniunctivus
1546 4213 1638 4261 ex
1684 4187 1882 4260 ὁπότ’
1926 4190 2017 4260 ἂν
2052 4191 2390 4283 pendeat,
2437 4213 2669 4284 neque
2709 4195 2891 4263 ι”ὃωό
2930 4191 3046 4262 ὅτε

657 4305 784 4365 aut
820 4293 1154 4386 scriptum
1190 4315 1348 4364 esse
1386 4313 1426 4364 a
1462 4303 1695 4387 poeta,
1735 4304 1855 4364 aut
1889 4295 1947 4364 si
1985 4296 2318 4387 scriptum
2358 4305 2575 4381 esset,
2636 4296 2705 4365 in
2746 4300 2939 4367 ἴδωσι
2977 4291 3047 4363 δὲ

662 4406 1003 4469 mutatum
1053 4396 1244 4468 credi
1304 4406 1565 4489 potest,
1625 4397 1931 4489 denique
1982 4398 2101 4490 qui
2164 4397 2437 4490 καρπὸν
2494 4397 2809 4487 γείτονος
2857 4397 3040 4480 dicit,

656 4502 885 4573 cuivis
920 4500 1265 4571 videbitur
1300 4522 1442 4570 non
1479 4502 1626 4593 agri
1666 4512 1783 4572 aut
1819 4502 2081 4594 campi,
2135 4502 2261 4571 sed
2299 4501 2599 4575 hominis
2645 4502 2855 4573 vicini
2901 4503 3042 4570 fru-

659 4615 818 4678 ctus
852 4605 1114 4677 dicere.
1194 4604 1399 4688 Quod
1436 4615 1669 4676 autem
1708 4605 1854 4676 vult
1887 4625 2074 4675 nova
2107 4604 2399 4698 periodo
2436 4625 2568 4699 per
2601 4606 3043 4687 indicativum

3264 3798 3269 3825 ὲ
