3328 5326
853 389 1247 465 QUARUND.
1283 392 1515 452 VERBI
1546 388 1719 452 LAT.
1754 391 1982 453 FORM.
2488 393 2601 456 42⁴

236 578 405 650 Esto
464 579 673 672 igitur
722 591 799 653 ut
845 583 1032 653 nulla
1081 584 1519 655 inveniantur
1568 584 1896 677 exempla
1940 582 2461 654 decurtatorum
2505 585 2614 653 in-

238 681 652 756 finitivorum
688 686 823 755 nisi
857 687 926 755 in
962 688 1222 772 verbis,
1252 709 1546 780 quorum
1573 690 1888 781 perfecta
1925 687 1993 755 in
2029 685 2089 757 si
2116 689 2608 759 terminantur:

234 807 322 856 eo
357 807 504 858 non
541 787 840 860 efficitur
879 799 951 861 ut
985 812 1126 861 non
1153 792 1504 884 potuerint
1531 813 1681 875 axe,
1719 789 1879 884 fame
1914 799 1985 860 et
2020 790 2266 860 similia
2303 789 2464 876 dici,
2496 800 2615 862 aut

237 897 318 961 ut
353 890 543 962 dicta
576 912 718 962 non
757 893 1032 979 fuerint,
1072 895 1197 965 sed
1228 904 1304 966 ut
1331 916 1421 965 ex
1449 895 1621 965 raris
1652 903 1723 965 et
1749 896 1898 964 fere
1925 893 2257 964 obsoletis
2285 894 2614 987 perfectis

233 994 423 1066 nulla
459 995 849 1066 istiusmodi
884 996 1378 1070 infinitivorum
1417 998 1740 1091 exempla
1774 998 1981 1068 nobis
2007 997 2375 1092 supersint.
2436 996 2615 1069 Num

236 1118 411 1169 vero
474 1099 548 1169 id
603 1101 832 1171 minus
886 1103 957 1172 in
1012 1100 1360 1173 infinitivis
1410 1103 1879 1195 perfectorum
1952 1101 2020 1170 in
2086 1100 2146 1171 si
2210 1101 2617 1172 exeuntium

236 1202 525 1271 evenit?
576 1203 866 1275 Multum
903 1205 1171 1276 laboret
1207 1206 1443 1289 credo,
1484 1205 1601 1297 qui
1639 1227 1733 1275 ex
1770 1205 2043 1298 scriptis
2069 1224 2249 1296 quae
2274 1204 2616 1276 habemus

236 1307 549 1396 proferre
583 1307 746 1378 velit
779 1307 1056 1402 scalpse,
1097 1331 1266 1394 arse,
1303 1307 1508 1402 farse,
1539 1330 1769 1403 parse,
1808 1330 2014 1392 saise,
2053 1329 2307 1402 sparse,
2342 1307 2615 1403 planae,

232 1430 466 1493 sanate,
522 1432 777 1504 carpse,
827 1433 1034 1497 rasse,
1082 1411 1369 1507 dempse,
1415 1411 1607 1504 flesse,
1655 1410 1880 1506 pleae,
1921 1433 2099 1495 reae,
2139 1432 2371 1495 merse,
2410 1432 2614 1504 qesse,

229 1533 482 1604 presse,
533 1535 742 1598 sense,
788 1537 998 1608 sepse,
1047 1523 1235 1600 terse,
1291 1515 1504 1599 cinoee,
1548 1514 1753 1607 since,
1806 1513 2052 1600 minate,
2108 1513 2333 1598 ninere,
2378 1513 2614 1608 pinoee,

235 1613 510 1699 strinoee,
542 1615 744 1703 tinae,
770 1617 989 1702 vinae,
1013 1618 1170 1711 fiae,
1197 1618 1396 1713 frixe,
1427 1618 1599 1703 viae,
1628 1617 1816 1703 risse,
1846 1617 2037 1702 visse,
2069 1638 2250 1701 coece,
2274 1639 2615 1711 prompse,

237 1738 489 1811 sorpse,
548 1726 741 1804 torse,
792 1719 988 1814 sulse,
1041 1720 1246 1806 vulse,
1301 1721 1581 1816 sculpse,
1624 1721 1829 1814 flucre,
1878 1720 2054 1806 lusce,
2092 1727 2341 1806 struoee,
2378 1740 2614 1813 nupse,

234 1819 491 1914 quipse,
528 1821 754 1910 iuriae,
792 1846 992 1909 unae,
1030 1846 1205 1910 urse,
1244 1825 1447 1910 iuss-e,
1489 1832 1718 1910 misse,
1750 1847 1922 1911 usse,
1945 1823 2210 1919 plause,
2244 1845 2435 1894 auoee.
2495 1822 2618 1893 Ni-

236 1924 488 1995 mirum
510 1926 656 1996 ·ista
690 1927 994 2020 vulgaris
1031 1929 1372 1999 sermonis
1408 1929 1689 2022 propria
1739 1938 1973 2012 erant,
2028 1950 2120 1998 ex
2170 1950 2309 2020 quo
2364 1935 2526 1999 sunt
2577 1947 2618 1996 a

238 2030 466 2120 poetis
502 2030 705 2099 metri
741 2051 1023 2115 caussa,
1076 2032 1204 2102 sed
1241 2053 1423 2117 raro,
1463 2031 1766 2116 adscita,
1824 2031 2229 2125 praesertim
2280 2031 2350 2099 in
2400 2030 2618 2123 disyl-

237 2131 434 2218 labis,
474 2142 552 2203 ut
585 2133 676 2203 ab
712 2134 971 2205 Lucilio
1000 2135 1291 2206 XXVIII.
1327 2139 1395 2206 9.
1429 2136 1616 2228 apud
1651 2135 1953 2208 Nonium
1990 2136 2061 2205 in
2099 2142 2485 2204 autumare:

345 2233 761 2307 Socraticum
799 2237 1115 2331 quiddam
1154 2247 1431 2331 tyranno
1467 2238 1666 2310 misse
1692 2237 2112 2334 Aristippum
2142 2245 2506 2309 autumant.

207 2337 468 2432 ,Pergit
502 2340 892 2434 Madvigius
928 2343 1052 2412 ita:
1098 2351 1224 2426 „ut
1258 2343 1384 2413 has
1424 2344 1682 2413 formas
1719 2365 1813 2413 ex
1860 2361 2171 2436 syncopa
2222 2349 2411 2412 ortas
2467 2341 2619 2410 lon-

233 2442 518 2534 gissime
556 2444 644 2513 ab
683 2445 964 2537 antiqua
1005 2447 1211 2516 futuri
1248 2449 1470 2517 forma
1499 2446 1962 2539 diiungamus,
1992 2446 2105 2516 vel
2135 2445 2206 2514 id
2234 2445 2620 2515 admonere

238 2555 507 2638 potest,
547 2548 738 2639 quod
773 2548 907 2620 hac
944 2551 1167 2620 forma
1204 2560 1275 2620 et
1322 2550 1770 2621 coniunctivo
1818 2550 1984 2621 inde
2041 2548 2358 2619 derivato
2410 2569 2618 2618 nemo

236 2661 396 2744 post
433 2651 827 2723 Terentium
866 2663 976 2725 est
1010 2676 1201 2738 usuS,
1241 2654 1299 2725 si
1333 2653 1519 2749 famu,
1557 2652 1797 2748 faoeim,
1838 2652 2054 2725 ausim
2092 2651 2493 2746 exceperiS,
2534 2673 2618 2723 ac

237 2776 326 2824 ne
363 2756 422 2825 is
460 2755 744 2847 quidem
779 2758 909 2828 nisi
944 2758 1351 2851 parcissime
1396 2756 1529 2852 (bis
1567 2759 1910 2843 omnin0,.
1938 2758 2068 2828 nisi
2106 2758 2310 2828 fallor
2344 2754 2622 2827 ecccessit

236 2857 455 2929 Andr.
488 2860 594 2929 IV.
630 2856 778 2955 5(4)
810 2862 929 2934 20.
964 2871 1036 2932 et
1072 2860 1468 2956 appellassis
1496 2862 1767 2931 Phorm.
1801 2863 1906 2931 IV.
1945 2865 2014 2946 6,
2050 2859 2203 2955 ⁴5),
2237 2869 2480 2931 contra
2508 2859 2621 2928 illa

237 2984 551 3056 syncopa
591 2972 662 3034 et
697 2964 1056 3036 Lucretius
1095 2974 1167 3035 et
1201 2965 1521 3057 Virgilius
1570 2975 1641 3034 et
1677 2965 2081 3034 Horatius.“
2162 2964 2282 3033 His
2333 2961 2621 3054 quidem

235 3065 476 3137 verbis
524 3088 775 3138 vereor
820 3089 910 3137 ne
946 3068 1055 3136 vir
1092 3067 1880 3161 doctissimus-nostram
1917 3067 2140 3158 magis
2177 3085 2384 3158 quam
2420 3085 2621 3135 suam

235 3171 655 3241 sententiam
706 3171 1133 3241 corroboret.
1220 3170 1393 3241 Nam
1432 3170 1622 3263 quod
1657 3169 1765 3240 his
1803 3191 1976 3262 quas
2015 3168 2184 3240 dicit
2220 3167 2457 3238 formis
2492 3188 2621 3236 ne-

234 3295 352 3344 mo
391 3284 500 3345 est
536 3285 695 3369 post
721 3274 1118 3346 Terentium
1154 3296 1344 3360 usuS,
1384 3296 1479 3344 ex
1515 3295 1603 3345 eo
1626 3273 1798 3343 nihil
1827 3272 2013 3344 aliud
2041 3273 2377 3365 sequitur,
2406 3291 2619 3363 quam

233 3387 313 3448 ut
365 3399 488 3449 eas
538 3379 729 3471 prius
774 3379 1208 3450 obsolevisse
1254 3378 1718 3471 intelligamus
1765 3397 1975 3470 quam
2012 3378 2196 3447 illam
2235 3394 2620 3469 syncopam

232 3501 420 3573 quae
471 3492 580 3552 est
629 3483 700 3551 in
737 3481 906 3553 diecti
956 3482 1246 3575 aliisque
1281 3482 1639 3568 similibuS,
1680 3502 1819 3552 non
1860 3491 1936 3555 ut
1970 3479 2444 3573 diiungendae
2482 3478 2620 3548 sint

231 3585 326 3655 ab
363 3586 481 3655 illa
517 3605 722 3678 quam
759 3587 912 3680 ipse
949 3587 1301 3679 antiquam
1339 3590 1631 3657 formam
1683 3585 1895 3657 futuri
1940 3606 2100 3657 esse
2145 3592 2362 3678 putat.
2444 3581 2622 3651 Eam

235 3689 425 3758 enim
460 3711 591 3760 suo
629 3690 963 3762 arbitratu
998 3691 1292 3784 sumpsit
1326 3712 1421 3759 ex
1456 3689 1741 3760 Graecis
1779 3688 1920 3771 ἄξω
1956 3699 2028 3759 et
2063 3690 2436 3779 ἑγέλασσα,
2477 3705 2620 3754 non

232 3792 746 3864 demonstravit
781 3795 1036 3865 nullam
1071 3795 1144 3864 in
1182 3815 1267 3865 ea
1303 3815 1461 3865 esse
1497 3814 1904 3886 syncopam.
1963 3793 2181 3862 Immo
2215 3790 2273 3861 si
2311 3809 2622 3883 syncopa
2639 3815 2743 3876 με»

233 3906 349 3967 est
386 3898 456 3965 in
494 3895 694 3981 diecti,
750 3909 858 3967 est
909 3897 1118 3968 etiam
1154 3898 1225 3968 in
1262 3895 1514 3983 levasti,
1554 3895 1903 3980 consuesti,
1944 3893 2216 3979 audisti,
2257 3891 2620 3977 commosti,

233 4011 452 4093 atque
503 4000 683 4071 adeo
736 4001 802 4069 in
843 4023 1297 4073 concessamus
1334 4000 1521 4094 apud
1557 4000 1874 4071 Plautum
1908 3999 1980 4068 in
2017 3999 2226 4069 Poen.
2260 3997 2309 4066 Ι.
2344 3997 2416 4082 2,
2450 4000 2517 4067 9.
2553 4005 2627 4066 et

234 4103 310 4172 in
364 4102 669 4188 adiurat,
723 4104 1003 4198 afflictat
1033 4106 1103 4173 in
1143 4104 1303 4176 Cist.
1342 4105 1419 4173 II.
1456 4106 1525 4189 3,
1562 4102 1681 4174 40.
1728 4102 1940 4174 Merc.
1972 4102 2076 4172 III.
2117 4100 2184 4187 4,
2217 4103 2335 4173 63.
2370 4101 2624 4193 quibus

234 4208 580 4301 exemplis
608 4209 940 4279 refellitur
966 4209 1296 4302 Madvigii
1323 4207 1414 4278 de
1440 4207 1669 4279 irritat
1694 4205 1986 4299 aliisque
2012 4205 2410 4277 huiusmodi
2438 4205 2626 4299 apud

240 4309 638 4382 Lucretium
672 4312 1014 4382 sententia
1053 4336 1119 4405 p.
1154 4313 1328 4385 226.
1396 4311 1581 4397 Quid
1618 4311 1824 4405 igitur
1858 4309 1931 4379 ni
1968 4310 2178 4380 etiam
2213 4310 2283 4378 in
2320 4307 2627 4381 levasso?

449 4414 780 4487 Vide-mur
807 4436 893 4485 eo
919 4415 1187 4485 redacti
1215 4437 1396 4500 esse,
1436 4424 1535 4501 ut,
1574 4414 1903 4508 quoniam
1938 4413 2013 4483 in
2049 4416 2268 4485 forma
2304 4412 2475 4483 nihil
2512 4433 2625 4481 re-

241 4527 515 4607 pertum
561 4528 699 4604 est,
756 4519 945 4611 quod
987 4517 1151 4611 samo
1189 4529 1259 4588 et
1296 4517 1547 4589 levasso
1585 4518 1869 4610 antiqua
1905 4518 2156 4603 futura,
2197 4538 2420 4609 eaque
2457 4515 2622 4585 sim-

241 4619 448 4710 plicia
483 4622 696 4693 fuisse
732 4622 989 4707 vincat,
1029 4621 1602 4713 significationem
1633 4620 2086 4693 considerare
2118 4621 2523 4701 debeamuS,
2563 4615 2624 4686 si
