3328 5326
1182 379 1607 441 EURIPIDES.
2469 382 2592 443 209

889 571 1002 657 ἴτ’,
1048 566 1101 641 ὦ
1139 570 1576 642 καλλίπεπλοι
1617 572 1920 665 Φρυγῶν

883 672 1116 769 κόραι,
1159 676 1428 766 μέλπετ’
1468 676 1658 766 ἐμῶν
1692 674 1940 767 γάμων

728 775 855 848 τὸν
890 779 1349 873 πεπρωμένον
1384 778 1554 870 εὐνᾷ
1590 778 1803 849 ποσὶν
1839 779 2120 870 ἐμέθεν.

424 880 497 948 V.
531 882 701 950 363.
761 881 1090 951 Tacerem
1130 880 1221 951 de
1257 880 1393 951 hoc
1430 881 1610 966 loco,
1650 881 1720 949 in
1757 904 1898 974 quo
1935 881 2299 953 verissime
2328 882 2596 954 Seidle-

241 1004 341 1053 rus
376 983 666 1054 restituit

885 1087 1047 1158 οὐδὲ
1085 1087 1205 1158 σαὶ
1240 1085 1478 1177 τύχαι,
1522 1091 1795 1176 τέκνον,

732 1189 1326 1286 σεσωφρονήκαᾰ,
1362 1192 1497 1262 ἀλλ’
1529 1190 1616 1262 ἔτ’
1649 1191 1723 1261 ἑν
1752 1192 1988 1283 ταύτῷ
2016 1193 2276 1283 μένεις,

235 1292 349 1361 nisi
412 1292 722 1364 viderem
791 1315 1015 1387 nuper
1081 1293 1149 1364 C.
1213 1295 1290 1364 G.
1348 1294 1742 1380 Cobetium,
1809 1295 2026 1365 virum
2090 1294 2593 1381 doctissimum,

233 1396 659 1468 scribendum
709 1397 1095 1468 coniecisse
1143 1398 1310 1473 οὐδέ
1349 1400 1419 1479 ‹5'¹
1446 1403 1522 1468 αἱ
1557 1394 1798 1486 τύχαι,
1839 1400 2114 1488 τέκνον,
2164 1396 2501 1493 σώφρονά
2536 1402 2591 1490 γ’

233 1498 474 1595 ἔθηκαν
489 1549 515 1589 ,
568 1501 761 1593 quod
816 1501 906 1572 ab
957 1501 1289 1595 Euripide
1340 1523 1485 1571 non
1553 1502 1852 1595 positum
1907 1523 2066 1572 esse
2121 1503 2234 1572 vel
2284 1502 2470 1574 istud
2520 1503 2597 1593 γὲ

234 1604 472 1695 arguit,
513 1604 668 1674 sine
718 1626 858 1696 quo
895 1605 1012 1675 ille
1049 1605 1299 1698 opinor
1336 1611 1628 1699 φρονεῖν
1664 1604 1927 1701 ἔθηκας
1960 1606 2386 1699 scripsisset,
2426 1607 2484 1677 si
2520 1606 2595 1676 id

232 1706 398 1797 quod
433 1707 548 1778 illa
583 1709 806 1779 verba
841 1707 1236 1801 significant
1272 1709 1339 1778 iu
1379 1719 1612 1779 mente
1652 1708 2031 1781 habuisset.
2114 1710 2206 1779 At
2248 1731 2389 1780 non
2426 1710 2596 1780 dicit

232 1808 493 1881 Hecuba
544 1812 747 1883 malis
797 1833 942 1882 non
997 1812 1324 1883 effectum
1360 1832 1520 1882 esse
1556 1824 1633 1882 ut
1669 1834 1918 1906 sapere
1957 1813 2262 1884 disceret
2298 1806 2597 1884 Cassan-

234 1912 363 1998 dra,
399 1915 591 2006 quod
634 1917 839 2008 plane
876 1916 965 1985 ab
1002 1916 1136 1986 hoc
1175 1916 1331 1987 loco
1362 1916 1667 1986 alienum
1692 1927 1820 1999 est,
1852 1916 1983 1987 sed
2011 1917 2176 1986 nihil
2202 1917 2298 1987 de
2327 1918 2595 1988 insania

230 2018 593 2103 remisisse,
637 2041 774 2111 qua
823 2020 1044 2090 teneri
1082 2019 1452 2090 videbatur
1487 2020 1686 2112 virgo
1746 2020 2048 2091 fatidica.
2134 2019 2211 2091 Id
2263 2022 2591 2105 breviter,

229 2120 337 2191 scd
385 2121 717 2193 distincte
769 2133 842 2194 et
877 2122 1164 2194 definite
1202 2134 1568 2195 monuerat
1605 2123 1960 2194 Seidlerus
1997 2123 2103 2194 his
2140 2125 2376 2195 verbis
2398 2151 2421 2193 ι.
2475 2125 2595 2195 σαὶ

227 2221 411 2313 τύχαι
445 2225 641 2296 idem
679 2236 791 2297 est
825 2249 909 2298 ac
949 2225 1032 2322 σὴ
1070 2224 1308 2313 νόσος,
1354 2252 1438 2323 οη
1476 2225 1727 2317 μανία.

408 2329 482 2398 V.
520 2332 698 2401 390.
757 2330 972 2401 Recte
1010 2330 1333 2401 iudicavit
1368 2328 1738 2414 Matthiae,
1778 2352 1918 2401 non
1955 2332 2223 2420 παῖδες,
2268 2330 2397 2401 sed
2433 2337 2596 2401 παῖ-

226 2430 357 2520 δας,
396 2434 589 2525 quod
625 2434 702 2502 in
740 2434 1104 2509 codicibus
1140 2444 1252 2505 est
1287 2434 1739 2506 scribendum
1777 2456 1936 2505 esse
1972 2434 2044 2503 in
2081 2434 2225 2504 his:

1487 2538 1613 2615 οὓς
1651 2540 1712 2607 δ’
1743 2538 1968 2634 ’Ἁρης
2004 2541 2173 2626 ἕλοι,

623 2642 709 2712 οὐ
747 2643 1002 2719 παῖδας
1038 2638 1255 2725 εἶδον,
1300 2644 1385 2713 οὐ
1424 2639 1788 2737 δάμαρτος
1836 2647 1911 2715 ἐν
1944 2647 2181 2736 χεροῖν

623 2748 911 2822 πέπλοις
930 2744 1327 2843 ,συνεστάλη
1338 2772 1498 2835 σαν,
1539 2749 1614 2815 ἐν
1651 2746 1806 2839 ξένῃ
1847 2745 1918 2816 δὲ
1952 2746 2039 2838 γῇ

621 2875 913 2919 κδινται.

224 2947 346 3020 Sed
380 2953 745 3025 recordari
782 2951 1090 3022 debebat
1124 2974 1305 3044 quae
1343 2952 1685 3022 Homerus
1724 2952 1913 3022 lliad.
1961 2952 2035 3021 11.
2082 2953 2125 3022 7
2134 2956 2250 3024 00.
2295 2953 2387 3023 de
2428 2953 2714 3037 Pro—129

223 3055 445 3127 tesilao
484 3056 796 3128 tradidit.

401 3160 481 3230 V.
523 3161 699 3232 420.
760 3159 932 3230 Vide
969 3158 1224 3251 Opusc.
1268 3157 1371 3227 IV.
1405 3181 1473 3250 p.
1510 3160 1681 3228 380.
1716 3179 1861 3250 seq.

403 3264 482 3334 V.
522 3263 699 3336 432.
761 3262 1221 3333 Scribendum
1256 3261 1374 3331 καὶ
1413 3262 1542 3332 σοῦ
1572 3260 1731 3352 μὲν.

405 3367 487 3439 V.
525 3367 701 3440 450.
760 3367 919 3437 Non
968 3366 1275 3437 debehat
1327 3364 1680 3435 Seidlerus
1733 3365 2216 3438 contradicere
2269 3368 2590 3453 Heathio,

217 3468 318 3558 qui
352 3482 520 3543 ante
561 3472 752 3543 hunc
780 3491 1062 3542 versum
1099 3469 1359 3561 aliquid
1397 3469 1749 3539 excidisse
1778 3469 2070 3541 viderat.
2131 3471 2420 3564 Flagitat
2456 3472 2593 3542 hoc

217 3590 339 3642 non
374 3576 610 3647 solum
649 3571 736 3646 οὗ
764 3573 844 3670 δὴ
885 3574 976 3644 de
1015 3576 1192 3644 freto
1233 3573 1464 3644 Siculo
1504 3573 1791 3658 dictum,
1831 3575 2016 3646 nulla
2053 3575 2203 3646 eius
2239 3576 2592 3646 mentione

216 3695 642 3771 praegressa,
684 3677 814 3749 sed
851 3678 1059 3747 etiam
1097 3677 1262 3748 illud
1285 3730 1304 3760 ‚
1345 3676 1535 3768 quod
1573 3699 1789 3768 quum
1837 3678 2047 3749 totius
2085 3679 2444 3772 Odysseae
2481 3700 2592 3748 ar-

215 3793 614 3868 gumentum
651 3791 1025 3874 repetatur,
1069 3792 1215 3850 non
1250 3791 1358 3851 est
1396 3780 1691 3873 Calypso
1728 3792 2131 3853 memorata.

406 3886 486 3956 V.
538 3886 711 3959 492.
771 3885 984 3956 Recte
1029 3885 1183 3955 libri
1233 3885 1318 3953 οὐ
1368 3883 1637 3979 Τρῳάς,
1694 3906 1826 3954 nec
1879 3886 2094 3978 recipi
2144 3885 2388 3956 debuit
2438 3886 2593 3956 Ste-

215 3984 409 4076 phani
448 3990 609 4078 οὕς,
651 3987 843 4081 quod
870 3995 1065 4065 οἴους
1094 3986 1469 4058 dicendum
1500 3999 1670 4057 erat.
1727 3988 2078 4059 Admonet
2104 4010 2217 4059 me
2253 3988 2389 4060 hoc
2429 4011 2595 4082 pro-

213 4093 505 4164 nominis
558 4115 701 4165 non
749 4102 941 4163 recte
989 4092 1195 4185 positi
1235 4092 1630 4184 exemplum
1672 4113 1938 4177 eor-um,
1976 4114 2158 4185 quae
2194 4094 2593 4187 nuperrime

216 4190 276 4262 V.
321 4195 483 4267 Chr.
531 4197 634 4267 Fr.
676 4196 977 4279 RostiuS,
1016 4196 1123 4265 vir
1160 4195 1801 4289 ingeniosissimus?
1821 4196 2222 4291 disputavit,
2263 4209 2338 4268 ut
2374 4198 2594 4268 rario-

79 4324 82 4373 ε
211 4317 346 4367 rem
384 4301 769 4392 quemdam
806 4299 1136 4391 loquendi
1173 4299 1481 4383 modum,
1519 4320 1659 4391 quo
1699 4298 1739 4368 ὅ
1775 4327 1848 4370 τι
1869 4299 2143 4390 ,μαθών
2181 4300 2443 4372 dictum
2479 4302 2590 4386 sit,

211 4403 611 4494 explicaret.
685 4406 759 4473 In
795 4425 933 4495 qua
972 4403 1266 4474 formula
1303 4423 1438 4495 ego
1476 4402 1760 4494 quidem
1797 4402 1969 4472 nihil
2007 4404 2210 4475 video
2246 4404 2380 4474 nisi
2417 4404 2594 4475 obli-

211 4523 411 4593 quam
450 4508 1070 4600 interrogationem
1108 4506 1419 4576 mirantis
1454 4507 1570 4575 vel
1608 4506 2067 4600 indignantis,
2107 4509 2225 4601 qui
2261 4508 2589 4601 quoniam

208 4621 528 4699 apertum
571 4613 660 4683 sit
704 4633 866 4682 eum
917 4611 1150 4681 mirari
1207 4621 1326 4682 aut
1374 4610 1757 4703 indignari,
1806 4610 2075 4682 omittat
2126 4611 2363 4682 dicere
2400 4607 2591 4701 quod

288 4727 488 4791 Hmm.
530 4730 637 4792 Or.
666 4730 819 4794 VIII.
2121 4729 2173 4791 0
