3328 5326
551 594 603 646 p.
625 585 686 631 η
708 566 866 635 loco
904 585 1118 636 cerva
1153 564 1342 637 humi
1379 564 1610 636 iacere
1645 564 1799 636 visa
1834 576 2044 636 esset.
2125 564 2216 635 At
2269 586 2357 636 eo
2411 585 2523 634 res
2562 584 2701 635 non
2736 573 2847 634 est
2879 562 3086 633 abso-

707 669 870 740 luta.
948 669 1362 753 Quaerimus
1393 668 1585 739 enim
1619 668 1791 761 quid
1830 669 2090 740 factum
2127 668 2397 762 virgine
2432 667 2545 752 sit,
2584 667 2738 759 quis
2777 687 2933 738 eam
2966 688 3087 737 su-

706 771 999 853 stulerit,
1040 793 1179 864 quo
1216 773 1305 842 sit
1342 772 1653 866 abrepta.
1743 772 1852 843 Ad
1896 792 2079 864 quae
2131 793 2345 864 quum
2396 792 2604 841 nemo
2656 768 3085 864 respondere

706 874 929 969 possit
980 885 1260 969 praeter
1309 876 1633 960 Dianam,
1685 875 2057 946 manifesta
2104 885 2216 946 est
2260 874 2444 946 deae
2481 873 2924 946 adhibendae
2959 895 3086 944 ne-

706 979 1017 1050 cessitas.
1103 978 1302 1051 Nunc
1354 990 1629 1073 poterat
1676 979 1962 1072 quidem
2006 990 2216 1072 poeta
2252 978 2458 1050 deam
2497 977 2569 1048 in
2605 998 2889 1049 scenam
2924 999 3087 1070 pro-

705 1081 1004 1153 ducere:
1057 1083 1190 1154 sed
1226 1083 1655 1177 intelligebat
1690 1084 2010 1177 graviore
2050 1084 2280 1175 aliqua
2316 1102 2569 1153 caussa
2605 1102 2783 1176 opus
2817 1101 2973 1152 esse
3009 1091 3087 1152 ut

706 1186 841 1257 dea
880 1208 957 1257 se
996 1187 1064 1255 in
1102 1196 1556 1280 conspectum
1590 1186 1814 1272 daret,
1852 1208 2087 1279 quam,
2125 1208 2307 1279 quae
2335 1186 2482 1257 sola
2513 1185 2802 1277 cogitari
2827 1195 3082 1280 potest,
3246 1263 3249 1294 J

704 1300 780 1362 ut
816 1290 1078 1383 aliquid
1116 1291 1342 1362 solatii
1376 1291 1752 1385 praeberet
1780 1290 2393 1383 Clytaemnestrae.
2453 1290 2684 1374 Quare
2706 1287 3086 1383 prudenter
3246 1297 3249 1392 Ι

704 1392 1047 1465 eiusmodi
1084 1395 1425 1465 rationem
1461 1395 1633 1479 iniit,
1673 1416 1856 1487 quae
1884 1415 2018 1464 nec
2047 1393 2511 1487 praesentiam
2538 1393 2718 1464 deae
2747 1393 3082 1486 exigeret,
3246 1399 3249 1458 l

701 1518 833 1567 nec
872 1505 1110 1568 tamen
1148 1503 1421 1568 careret
1449 1499 1599 1570 eius
1627 1499 1905 1570 auxilio.
1963 1497 2195 1570 Verba
2221 1518 2404 1590 quae
2431 1497 2732 1568 servavit
2756 1495 3084 1568 Aelianus

701 1623 915 1692 quum
952 1622 1176 1693 aeque
1212 1601 1719 1693 Agamemnoni
1770 1621 1855 1672 ac
1890 1602 2485 1695 Clytaemnestrae
2533 1600 2673 1671 dici
2710 1598 3079 1694 potuerint,

695 1725 842 1774 non
904 1704 1192 1776 dubium
1248 1715 1355 1776 est
1419 1705 1588 1798 quin
1654 1706 1844 1777 dicta
1896 1705 2034 1776 sint
2086 1705 2698 1798 Clytaemnestrae.
2781 1702 3080 1797 Agame-

701 1804 944 1878 mnoni
985 1809 1171 1879 enim
1209 1809 1382 1879 irata
1418 1820 1569 1880 erat
1606 1809 1850 1891 Diana,
1890 1827 2023 1880 nec
2060 1829 2376 1879 caussam
2414 1805 2723 1879 hahebat
2762 1829 2887 1879 cur
2923 1829 3080 1879 eum

701 1913 1221 1982 consolaretur:
1278 1923 1470 1984 tanto
1515 1914 1789 2006 dignior
1843 1913 2287 1984 miseratione
2325 1922 2478 1982 erat
2512 1911 3076 2004 Clytaemnestra,

698 2016 818 2086 cui
855 2015 1028 2086 falso
1065 2026 1428 2109 praetextu
1471 2017 1763 2111 turpiter
1791 2026 2104 2111 ereptam
2130 2015 2342 2086 filiam
2378 2014 2632 2108 impius
2658 2025 2858 2109 pater
2882 2015 3080 2086 morti

699 2118 1102 2190 tradiderat.
1204 2121 1326 2190 Est
1378 2131 1609 2192 autem
1660 2131 1941 2215 praeter
1991 2120 2282 2192 chorum
2334 2118 2883 2212 Clytaemnestra
2936 2141 3077 2188 ma·

699 2222 923 2308 xime,
963 2223 1076 2295 cui
1125 2225 1406 2295 nuntius
1451 2234 1527 2296 ut
1573 2234 1936 2317 peractum
1979 2225 2068 2296 sit
2107 2221 2524 2295 sacrificium
2558 2243 2921 2317 exponere
2956 2223 3072 2294 de-

697 2327 886 2397 beat.
947 2327 1156 2411 Quod
1193 2328 1307 2397 ille
1347 2329 1462 2399 ubi
1501 2330 1701 2413 fecit,
1740 2330 1889 2399 veri
1926 2329 2346 2399 simillimum
2382 2337 2490 2396 est
2528 2325 2976 2420 respondisse
3010 2327 3067 2396 ei

700 2429 1353 2522 Clytaemnestram,
1408 2433 1861 2523 acquiescere
1911 2453 1990 2502 se
2042 2453 2128 2502 eo
2181 2429 2371 2523 quod
2411 2440 2643 2502 actum
2690 2430 2816 2515 sit;
2858 2430 3072 2523 ipsam

697 2534 886 2602 enim
924 2533 1130 2604 deam
1167 2534 1455 2618 interea,
1495 2534 1662 2605 dum
1701 2544 2084 2628 occupatus
2128 2537 2197 2603 in
2235 2534 2657 2605 immolanda
2702 2532 2843 2606 filia
2888 2542 3070 2605 esset

698 2634 1163 2729 Agamemno,
1219 2637 1352 2708 sibi
1401 2636 1788 2724 adstitisse,
1838 2639 2390 2733 exposuisseque
2427 2660 2568 2731 quo
2604 2645 2813 2733 pacto
2849 2658 3070 2709 serva-

697 2750 853 2811 tura
888 2752 1078 2811 esset
1114 2741 1563 2834 Iphigeniam,
1600 2762 1812 2834 qnam
1849 2743 1982 2813 sibi
2007 2744 2247 2814 Tauris
2276 2743 2346 2812 in
2384 2743 2643 2836 templo
2680 2763 2809 2814 suo
2846 2762 3070 2813 sacer-

698 2843 935 2914 dotem
973 2845 1205 2915 facere
1242 2846 1734 2916 constituisset.
1796 2847 1988 2918 Solet
2020 2848 2210 2917 enim
2245 2844 2618 2939 Euripides
2654 2847 2726 2916 in
2762 2844 2901 2917 fine
2937 2856 3072 2916 tra-

693 2948 1104 3041 goediarum
1143 2951 1371 3021 futura
1410 2952 1835 3044 patefacere,
1874 2973 1964 3023 ne
2000 2950 2169 3044 quid
2202 2950 2461 3022 deesse
2496 2948 2588 3021 ad
2616 2950 3071 3044 integritatem

694 3053 1085 3145 argumenti
1122 3053 1464 3125 videatur.
1524 3054 1670 3124 Hoc
1709 3054 1917 3148 igitur
1951 3055 2165 3126 modo
2202 3054 2261 3125 si
2298 3054 2603 3125 fabulam
2639 3053 2727 3124 ab
2762 3075 2851 3125 eo
2886 3074 3072 3123 com-

698 3157 993 3250 positam
1046 3156 1475 3250 putabimus,
1529 3179 1762 3251 neque
1814 3158 2099 3231 absurdi
2153 3157 2535 3251 quidquam
2583 3158 2655 3227 in
2711 3158 2826 3229 illa
2874 3176 3070 3251 prae-

697 3260 1002 3332 dictione
1047 3261 1310 3332 Dianae
1363 3262 1531 3347 erit,
1581 3284 1715 3332 nec
1761 3261 2175 3334 discessisse
2225 3271 2437 3355 poeta
2482 3283 2524 3332 a
2569 3260 3067 3333 consuetudine

693 3384 846 3448 sua,
885 3363 1016 3435 sed
1053 3365 1362 3436 tenuisse
1400 3386 1557 3436 eam
1594 3366 1824 3459 potius
1860 3365 2209 3437 videbitur
2245 3364 2788 3437 accuratissime.

707 372 833 433 242
1686 372 2111 435 Eflnlplnsss
3242 311 3249 622 Ι
