3328 5326
602 334 680 396 88
1580 330 1981 394 PlNDARUS.

602 523 902 600 Pindaro
959 522 1330 617 disputavi,
1396 522 1478 594 iis
1530 522 1761 617 potius
1815 531 2006 607 utar,
2069 543 2252 615 quae
2313 522 2392 600 in-
2451 523 2653 600 huius
2717 532 2970 617 poetae

601 628 878 722 scriptis
928 625 1179 700 mutari
1225 627 1460 699 voluit.
1549 625 1778 719 Atque
1831 625 1999 708 illud
2049 624 2365 719 quidem,
2402 626 2594 719 quod
2629 649 2696 719 p.
2741 628 2861 700 48.
2903 627 2972 698 in

601 731 796 825 Pyth.
839 732 885 800 Ι.
933 733 1100 802 ⁴09.
1143 730 1437 824 scripsit,
1478 729 1667 802 οὕτω
1704 730 1763 800 δ’
1811 729 2066 824 Ἱέρων.
2157 728 2332 810 θεὸς,
2364 730 2702 832 ὀρθωτὴρ
2748 730 2973 814 πέλοι,

603 835 734 908 etsi
771 834 1046 927 linguae
1078 834 1344 927 legibus
1369 855 1513 906 non
1549 842 1914 926 repugnat,
1951 842 2184 910 tamen
2219 833 2604 904 sententiae
2631 854 2776 906 non
2803 853 2976 906 con-

603 938 813 1010 venit.
890 937 1063 1024 Nam
1090 946 1568 1031 aegrotantem
1589 936 1677 1010 ad
1703 937 1957 1010 bellum
1978 937 2367 1029 profectum
2388 958 2547 1016 esse
2572 937 2972 1020 Hieronem,

602 1053 685 1124 ut
715 1041 878 1113 olim
917 1041 1388 1126 Philoctetam,
1428 1041 1564 1112 iam
1591 1040 1856 1118 dictum
1891 1049 2078 1110 erat:
2120 1040 2286 1120 illud
2321 1062 2507 1116 nunc
2542 1050 2696 1116 erat
2728 1039 2975 1116 dicen.-

594 1142 808 1229 tium,
873 1144 1052 1216 sicut
1106 1144 1517 1218 Philoctetes
1580 1144 1913 1214 liberatus
1963 1143 2209 1216 morbo
2261 1155 2486 1228 esset,
2541 1144 2638 1222 ita
2693 1143 2978 1218 Hieroni

605 1269 883 1341 quoque
921 1248 1311 1322 restitutum
1349 1248 1428 1318 iri
1449 1247 1942 1320 valetudinem.
2019 1248 2258 1339 Itaque
2293 1247 2350 1318 si
2383 1248 2629 1342 Ἱέρων
2664 1247 2976 1320 scrihere

605 1354 838 1435 vellet,
871 1352 1126 1424 rectius
1162 1352 1264 1422 sic
1300 1350 1721 1445 scripsisset:
1775 1349 1964 1422 οὕτω
1998 1349 2091 1437 δ’,
2128 1350 2391 1446 Ἱέρων,
2432 1348 2601 1430 θεὸς
2635 1351 2976 1446 ὀρθωτὴρ

604 1457 799 1530 πέλοι
850 1454 979 1526 τὸν
1048 1457 1532 1550 προςέρποντα
1597 1451 1858 1549 χρόνον
1926 1447 2023 1522 ὦν
2085 1450 2363 1547 ἕρασαί
2407 1451 2653 1547 καιρὸν
2706 1451 2972 1532 διδούς.

606 1558 675 1628 P.
723 1557 762 1628 4
821 1558 891 1628 in
943 1557 1182 1645 scolio,
1220 1558 1408 1651 quod
1466 1557 1801 1628 Pindarus
1849 1555 1915 1624 in
1955 1554 2403 1628 Theoxenum
2456 1556 2753 1648 scripsit,
2810 1556 2980 1632 illud

606 1662 761 1733 leve
799 1672 927 1749 est,
966 1662 1156 1754 quod
1193 1663 1479 1740 ἀκτῖνας
1513 1657 1888 1756 προςώπου
1926 1660 2309 1751 praelatum
2347 1670 2455 1732 est
2490 1660 2689 1732 metri
2725 1681 2978 1738 caussa

606 1764 872 1837 meliori
914 1766 1320 1859 scripturae,
1359 1786 1540 1857 quae
1578 1764 1646 1836 in
1698 1765 1919 1834 altero
1954 1761 2294 1838 Athenaei
2354 1763 2510 1836 loco
2545 1774 2816 1838 servata
2851 1774 2983 1846 est,

607 1869 892 1946 ἀκτῖνας
920 1869 1176 1944 ὄσσων.
1244 1868 1318 1940 ld
1355 1866 1834 1961 recipiendum
1857 1875 2029 1951 erat,
2050 1865 2376 1956 μοχθίζει
2394 1867 2463 1938 in
2485 1866 2985 1961 antistrophico

605 1992 817 2043 versu
868 1972 937 2044 in
988 1977 1255 2063 μοχθεῖ
1298 1981 1583 2052 mutato.
1679 1970 2013 2044 Graviora
2059 1968 2235 2042 haec
2283 1980 2464 2044 suut.
2541 1971 2772 2054 Quum
2824 1970 2984 2046 Pin-

607 2074 820 2148 darus
881 2097 1079 2159 eum,
1136 2076 1253 2168 qui
1317 2074 1773 2148 Theoxenum
1846 2073 2242 2166 adspiciens
2299 2095 2438 2146 non
2502 2074 2984 2159 incalesceret,

613 2188 1086 2272 contemptum
1110 2200 1151 2249 a
1178 2179 1451 2250 Venere
1473 2189 1591 2251 aut
1620 2179 1962 2272 pecuniae
1999 2176 2446 2269 quaerendae
2467 2198 2751 2270 operam
2789 2176 2983 2256 dare,

609 2292 727 2353 aut
777 2282 1042 2352 servire
1097 2283 1500 2354 mulieribus
1537 2283 1767 2365 dicat,
1806 2280 1941 2354 hoc
1994 2280 2307 2354 ultimum
2355 2279 2465 2352 his
2499 2281 2736 2352 verbis
2773 2282 2992 2373 signi-

609 2385 890 2457 ficatum
928 2396 1069 2454 est:
1125 2385 1168 2479 ἢ
1204 2383 1570 2476 γυναικείῳ
1605 2377 1864 2479 θράσει
1908 2382 2145 2476 ψυχὰν
2181 2389 2509 2478 φορεῖται
2543 2384 2780 2460 πᾶσαν
2817 2383 2990 2458 ὁδὸν

607 2482 1047 2580 θεραπεύων.
1152 2486 1527 2579 BergkiuS,
1582 2498 1659 2558 ut
1710 2486 1970 2580 aliquid
2025 2485 2324 2558 abstrusi
2378 2508 2471 2558 ex
2515 2486 2864 2580 Hesychia
2917 2497 2993 2562 et

611 2589 821 2667 Suida
844 2591 1073 2660 locum
1097 2589 1453 2677 inveniret,
1493 2588 1819 2685 ψυχὰνίιι
1854 2588 2138 2687 ψηχρὰν
2173 2599 2577 2677 mutaverat,
2618 2591 2812 2684 quod
2844 2611 2991 2665 non

611 2704 762 2765 erat
813 2696 1152 2778 facturuS,
1207 2695 1265 2766 si
1319 2696 1511 2790 prius
1561 2694 2024 2788 quaesivisset
2080 2715 2169 2767 an
2215 2695 2463 2769 falsum
2520 2704 2707 2767 esset
2753 2695 2995 2787 ψυχὰν

611 2802 959 2891 φορεῖται.
1018 2797 1315 2885 Ahrens,
1338 2797 1621 2895 ψηχρὰν
1657 2798 1914 2870 idoneo
1941 2819 2152 2870 sensu
2175 2819 2417 2871 carere
2443 2810 2657 2883 ratuS,
2688 2798 2994 2891 αἰσχρὰν

610 2899 861 2993 posuit.
923 2902 1105 2986 Quid
1132 2905 1343 2974 vero?
1398 2903 1789 2996 Turpemne
1818 2923 1975 2973 esse
2011 2901 2270 2974 dixerit
2289 2923 2598 2976 amorem
2619 2900 2992 2983 mulierum

614 3003 1000 3077 Pindarus?
1087 3007 1301 3079 Immo
1358 3004 1527 3077 nihil
1582 3006 1770 3083 aliud
1826 3027 1958 3078 nec
2013 3005 2190 3077 dixit
2243 3026 2377 3077 nec
2431 3006 2654 3100 potuit
2714 3004 2982 3090 dicere,

610 3131 818 3202 quam
858 3109 1075 3187 levem
1115 3131 1272 3181 esse
1309 3132 1477 3205 prae
1507 3132 1745 3183 amore
1782 3109 2004 3205 pulcri
2044 3109 2528 3183 adolescentis.
2610 3108 2730 3181 Cui
2769 3110 2995 3180 amori

610 3235 824 3305 quum
860 3233 938 3283 se
973 3212 1285 3287 deditum
1316 3236 1473 3285 esse
1511 3214 1680 3285 dicit
1715 3213 1949 3285 verbis
1969 3234 2264 3305 quorum
2298 3214 2522 3306 prima
2559 3212 2746 3306 apud
2769 3210 3002 3283 Athe-

611 3336 863 3387 naeum
901 3316 1001 3386 sic
1039 3316 1297 3409 scripta
1331 3328 1523 3389 sunt:
1564 3317 1702 3389 ἀλ)’
1740 3315 1869 3407 ἐγώ
1913 3368 1932 3389 .
1977 3316 2045 3387 δ’
2084 3319 2275 3401 ἕκατι
2317 3316 2500 3395 τᾶς.
2546 3369 2567 3388 .
2610 3313 2822 3413 κηρὸς
2857 3314 2988 3405 ὥς,

611 3416 916 3502 AhxenS,
973 3429 1260 3513 recepta
1312 3420 1380 3489 in
1434 3420 1769 3513 proximis
1833 3419 2116 3512 egregia
2156 3417 2436 3540 l3elgkii
2496 3418 2995 3495 emendatione

614 3521 881 3614 posuit.
923 3521 1059 3595 ἀλλ’
1096 3521 1226 3612 ἐγώ
1263 3521 1506 3595 &dmi
1534 3523 1588 3611 γ’
1630 3526 1836 3599 amar
1888 3521 2099 3619 κηρὸς
2134 3520 2228 3600 ὥς
2277 3523 2564 3612 δαχθεὶς
2598 3526 2718 3616 ἕλᾳ
2750 3526 2993 3613 μελισ·

615 3624 748 3696 σᾶν
781 3621 1116 3716 τάκομαι,
1159 3618 1292 3696 εὖτ’
1335 3624 1423 3695 ἄν
1464 3626 1585 3695 ι”ὸω
1623 3623 1893 3697 παιὸων
1929 3621 2252 3714 νεόγυιον
2285 3628 2356 3705 ἐς
2391 3625 2600 3722 ἥβαν,
2640 3630 2718 3698 ἐν
2753 3625 2818 3695 δ’
2850 3623 2999 3719 ἄρα

612 3754 770 3817 και,
837 3729 1104 3820 Tetrade>
1152 3726 1388 3799 Hadri)
1448 3726 1577 3799 τὸν
1640 3720 1803 3817 ἆγεν
1862 3727 1978 3799 καὶ
2025 3725 2264 3824 Χάρις
2321 3727 2480 3805 υἱὸν
2536 3724 2994 3823 Ἁγησιλάου.

617 3829 702 3903 Ut
782 3832 1047 3903 mittam
1138 3831 1378 3902 ἀέκατι
1399 3831 1617 3903 tribus
1707 3830 1990 3923 syllabis
2086 3831 2712 3924 pronuntiandum,
2803 3831 3005 3923 quod

613 3933 995 4011 inauditum
1068 3946 1212 4020 est,
1285 3933 1473 4007 haud
1537 3932 1739 4006 facile
1816 3944 1980 4027 puto
2043 3955 2461 4027 quemquam
2525 3935 2775 4007 horum
2835 3955 3005 4007 ver-

615 4036 866 4111 borum
897 4039 1314 4111 sententiam
1345 4039 1499 4109 sine
1525 4039 1904 4131 interprete
1932 4059 2091 4113 esse
2127 4038 2657 4110 intellecturum.
2714 4037 3009 4111 Ἀἐκατί

615 4140 669 4229 γ’
730 4142 935 4219 αἴσας
995 4141 1487 4237 interpretatur
1545 4141 1754 4213 invita
1811 4140 2157 4215 sommis
2205 4148 2380 4212 sorte
2398 4194 2419 4225 ,
2473 4139 2667 4236 παρὰ
2712 4135 2996 4234 καιρόν,

462 4277 515 4330 p.
540 4268 597 4315 ⁴5
619 4265 760 4335 quo
798 4243 890 4315 ad
927 4245 1126 4337 primi
1162 4267 1402 4318 versus
1436 4245 1648 4316 verba
1685 4244 2121 4338 respiciatur,
2159 4244 2334 4341 χρῆν
2367 4242 2501 4335 μὲν
2536 4242 2717 4323 κατὰ
2750 4241 3008 4336 καιρὸν

619 4346 901 4440 ἐρώτων
928 4348 1309 4443 δρέπεσθαι
1338 4346 1467 4420 σὺν
1495 4346 1746 4440 ἁλικίᾳ.
1812 4348 1961 4420 Hoc
1989 4351 2196 4442 plane
2226 4345 2375 4417 fieri
2402 4345 2662 4439 nequit.
2728 4344 3009 4433 Deinde

623 4472 836 4544 quum
874 4470 1080 4522 nemo
1117 4473 1259 4523 non
1295 4452 1384 4522 sit
1418 4450 1817 4535 necessario
1853 4454 1928 4524 ἐν
1964 4453 2025 4523 δ’
2068 4450 2206 4546 ἄρα
2241 4449 2357 4521 καὶ
2404 4449 2670 4541 Τενεῖἳῳ
2709 4448 3013 4521 coniun-

625 4563 898 4640 cturuS,
949 4557 1024 4629 ἐν
1076 4553 1148 4625 δὲ
1196 4555 1315 4625 καὶ
1362 4564 1762 4649 separatum
1812 4576 1852 4626 a
1911 4555 2175 4645 Τενάῖῳ
2223 4550 2616 4645 significare
2665 4552 2813 4637 vult
2863 4559 3008 4625 tm
