3328 5326
967 362 1074 424 AD
1106 363 1427 426 OPUSCC.
1473 363 1693 424 VOLL.
1733 364 1970 423 l—VlI.
2608 361 2645 424 7

488 550 730 730 Contga
760 551 1134 625 Welckerus
1168 554 1243 625 iu
1278 577 1557 626 censura
1575 550 1872 625 Letrouii
1906 552 2184 649 Allqem.
2208 550 2287 623 L.
2313 551 2385 623 Ζ.
2409 546 2644 627 1836.

482 680 546 726 u.
588 651 638 729 1
696 651 768 729 0.
804 680 876 752 Ρ.
914 651 1098 729 203.
1899 736 1902 739 ,

269 783 338 854 p.
385 761 533 835 222
574 761 688 831 lin.
715 764 796 831 44
849 761 1111 832 adscr.:
1158 758 1239 830 Iu
1264 760 1543 855 pictoris
1579 760 1806 857 templi
1833 757 2144 831 Ardeatis
2179 758 2648 856 epiqrammate

483 871 546 934 et
591 886 786 935 verae
837 863 981 935 eius
1016 863 1285 959 patriae
1335 871 1397 935 et
1446 863 1727 936 civitatis
1779 862 1861 934 ab
1899 861 2298 935 Ardeatibus
2346 871 2650 958 acceptae

478 965 720 1037 mentio
754 966 907 1060 fieri
943 966 1184 1039 debuit.
1267 964 1348 1037 Id
1379 967 1477 1038 sic
1512 965 1972 1039 scribendum:

584 1068 803 1165 Diquo
843 1069 1068 1165 diqnu’
1106 1070 1247 1142 loco
1278 1070 1561 1165 picturis
1598 1069 2056 1143 condecoravit

586 1170 881 1269 Reqiuae
916 1172 1212 1260 Juuoui’,
1257 1171 1623 1269 Supremae
1660 1172 1969 1270 coniu9i'‚
2009 1172 2324 1269 templum

590 1274 858 1348 Marcus
896 1275 1154 1348 Ludius
1189 1274 1522 1365 Ardeatis,
1560 1275 1779 1349 Ateste
1816 1276 2161 1363 oriundus,

585 1377 796 1463 Quem
830 1404 1006 1451 nuuc
1040 1388 1102 1451 et
1126 1389 1282 1476 post
1316 1404 1575 1476 semper
1610 1380 1690 1454 ob
1720 1389 1929 1453 artem
1955 1379 2128 1452 hanc
2141 1377 2370 1450 Ardea
2396 1378 2648 1451 laudat.

484 1478 792 1554 Ardeatis
842 1483 1249 1555 nominativo.
1302 1508 1463 1556 casu
1510 1484 1844 1570 dicebant,
1899 1492 2054 1556 teste
2093 1480 2463 1555 Prisciauo.
2532 1483 2652 1579 [cf.

487 1587 960 1658 Hermannum
995 1587 1292 1681 Opuscc.
1336 1588 1469 1658 VII.
1511 1613 1577 1683 p.
1627 1587 1829 1683 403]
2747 1679 2753 1685 ²

271 1712 339 1782 p.
382 1690 537 1762 226
585 1691 626 1759 l.
670 1691 767 1763 26
825 1691 1092 1761 adscr..
1080 1720 1093 1732 ·
1155 1688 1398 1761 Contra
1465 1689 1839 1763 Welckerus
1886 1692 1959 1763 in
2005 1690 2225 1762 diurn.
2279 1689 2399 1761 litt.
2491 1687 2648 1761 Hal.

483 1786 718 1866 1836.
758 1817 826 1863 n.
868 1787 1051 1868 180.
1088 1819 1160 1890 Ρ
1202 1788 1384 1866 205.

270 1918 335 1989 p
380 1896 538 1985 227
576 1898 620 1967 1.
666 1897 759 1968 47
797 1898 1082 1969 verbo'
1055 1903 1191 1969 ε’τι
1243 1899 1508 1969 adscr.:
1590 1898 1824 1970 inutile
1874 1897 2129 1969 iudicat
2181 1895 2605 1968 Welckerus
2577 1918 2656 1967 m

482 1999 702 2173 dzuru.
760 1998 881 2071 litt.
962 1999 1119 2071 Hal.
1161 1994 1395 2074 1836.
1438 2025 1502 2071 u.
1548 1994 1730 2075 180.
1775 1998 1912 2072 Oct.
1947 2024 2019 2096 Ρ.
2060 1994 2242 2073 203.
2297 1999 2414 2070 ubi
2454 1998 2654 2070 etiam

483 2127 524 2173 a
551 2127 624 2174 ia
652 2126 727 2198 Ρ.
759 2127 891 2198 seq.

439 2208 533 2278 60
572 2208 616 2276 1.
662 2209 757 2281 32
796 2207 1030 2278 verbis
1058 2230 1186 2303 per
1212 2206 1566 2303 pauciores
1603 2208 1869 2278 adscra
1925 2205 1976 2301 s.
2011 2228 2138 2301 per
2175 2204 2520 2277 auctiores.

321 2312 522 2384 .294
575 2310 616 2380 l.
661 2312 758 2384 26
799 2310 926 2381 ads
930 2333 1062 2381 cr.:
1123 2308 1341 2405 Bequ
1376 2310 1456 2382 de
1494 2334 1657 2382 com.
1700 2310 1931 2405 rele
1937 2302 2172 2381 ‚3.47
2651 2376 2660 2384 .

321 2417 534 2485 ,300
574 2414 770 2485 titulo
801 2415 1093 2589 achrae:
1170 2412 1461 2499 Bagam,
1517 2411 1644 2484 Die
1694 2409 2343 2484 Alemandriuischeu
2396 2407 2657 2481 Biblio-.

484 2515 716 2587 thekeu
857 2512 911 2590 6

324 2623 534 2692 .308
574 2621 615 2690 l.
660 2541 1060 2695 24Padscm
1119 2619 1220 2693 De
1257 2620 1601 2720 ραψῳὸί
1573 2650 1659 2693 ια
1697 2620 1780 2717 cs.
1825 2616 2021 2692 Plato
2049 2617 2313 2691 Timaeo
2346 2641 2415 2713 Ρ.
2444 2609 2548 2691 21
2571 2613 2655 2689 B

328 2724 541 2796 ,345
580 2726 622 2795 1,
670 2728 764 2797 45
804 2748 932 2819 pro
969 2749 1252 2821 namque
1289 2727 1624 2796 correxit:
1692 2724 1867 2821 qemi
1906 2722 2242 2819 quoniam.

355 2831 460 2899 ..1
503 2830 599 2902 20
636 2851 765 2921 pro
812 2827 1095 2900 Tantum
1130 2830 1467 2901 correxit:
1527 2820 1864 2946 Quamvis.

352 2934 459 3004 .l.
503 2933 624 3006 22.
670 2933 789 3005 23.
834 2932 931 3006 24
983 2933 1072 3026 (v.
1120 2933 1406 3004 440-4
1430 2931 1552 3027 42)
1598 2934 1670 3003 in
1705 2953 1919 3024 marg.
1962 2932 2061 3001 sic
2100 2931 2409 3024 scripsit:

899 3044 1092 3131 atque
1129 3036 1310 3107 omui
1351 3035 1625 3107 lactente
1658 3035 1961 3131 serarum

892 3162 1109 3234 parva
1133 3138 1453 3236 proqenie
1488 3138 1783 3235 qaudeus

901 3241 1142 3313 horum
1171 3242 1388 3337 poscit
1421 3242 1612 3337 siqua
1641 3240 1911 3337 profari

277 3344 367 3414 ib.
412 3345 455 3414 1.
499 3344 617 3417 27.
663 3346 759 3418 28
809 3347 1029 3417 verba
1074 3346 1149 3417 iu
1183 3355 1389 3441 portu
1437 3369 1529 3417 ex
1579 3369 1646 3416 v.
1695 3344 1840 3417 446
1891 3345 2184 3417 inseruit
2219 3343 2454 3414 versui
2509 3341 2657 3414 445

487 3448 666 3519 inter
698 3471 767 3520 v.
811 3448 1087 3520 classem
1125 3459 1199 3520 et
1240 3448 1416 3520 diva.

279 3551 368 3621 ib.
412 3551 456 3620 1.
478 3554 558 3622 34
624 3549 713 3646 (v.
743 3550 916 3648 449)
945 3554 1193 3624 deletis
1214 3554 1445 3624 verbis
1482 3576 1765 3648 namque
1801 3560 2025 3624 manet
2055 3552 2348 3644 margini
2385 3549 2653 3621 adscr.:

485 3678 644 3726 uam
678 3664 900 3727 restat.

277 3779 344 3850 p.
390 3755 621 3829 3461,
669 3761 761 3830 40
813 3757 905 3852 (V.
953 3757 1124 3855 464)
1175 3761 1439 3831 adsta-,2
1500 3759 1741 3855 quippe
1775 3757 2023 3845 nullus,
2060 3757 2372 3830 noscitur.

283 3883 349 3954 p.
395 3861 545 3933 347
583 3862 626 3931 l.
669 3864 714 3936 2
766 3860 856 3956 (v.
904 3861 1074 3956 490)
1124 3864 1357 3935 deleto
1396 3886 1461 3933 v,
1500 3886 1693 3934 mora
1732 3864 1993 3935 adscr.:
2051 3883 2350 3940 remora,-

284 3962 373 4033 ib.
419 3964 461 4032 l.
511 3968 605 4035 45
655 3963 744 4057 (v.
789 3967 968 4062 203)
1014 3968 1248 4039 (1616ιο
1286 3991 1351 4039 v.
1395 3967 1642 4062 tiuqere
1681 3968 1946 4040 adscr.:
1996 3963 2318 4060 polluere.

283 4066 377 4150 ib,
417 4067 460 4136 l.
503 4068 588 4139 24
652 4068 740 4162 (v.
783 4069 958 4163 209)
1006 4071 1225 4142 verbo
1263 4070 1500 4165 cupide
1537 4072 1803 4156 adscr.;
1864 4067 2156 4141 Danaos.

283 4191 345 4261 p.
394 4167 542 4241 348
592 4172 633 4241 l.
688 4174 731 4241 6
792 4171 883 4264 (v.
928 4173 1103 4267 229)
1169 4175 1433 4246 adscra
1522 4172 1711 4245 Muta
1768 4173 1885 4245 sed
1945 4172 2108 4243 haec
2168 4170 2235 4241 vi
2295 4168 2662 4264 capistrum

492 4296 814 4347 amovens.

283 4397 348 4468 p.
396 4374 626 4447 3541.
671 4381 713 4450 6
764 4377 843 4474 (v.
893 4378 1065 4475 459)
1114 4380 1347 4450 (1616ιο
1386 4401 1453 4450 v,
1494 4403 1769 4452 manum
1806 4381 2072 4453 adscr..
2132 4385 2349 4474 caput

273 2643 346 3001 Ξ-’Ξ-’ὍὍ
270 2229 316 2507 ’'ov-0
