3328 5326
874 404 1269 480 QUARUND.
1307 407 1535 468 VERBI
1566 405 1738 468 LAT.
1773 406 2000 467 FORM.
2517 409 2630 469 43⁴

275 594 479 667 futuri
517 598 856 692 temporis
890 599 1094 682 inest,
1125 598 1276 682 sed,
1307 620 1520 690 quum
1559 597 1648 668 ad
1688 599 1913 669 futura
1940 600 2260 683 refertur,
2293 600 2653 670 continent

276 701 484 772 futuri
532 700 1106 794 significationem
1159 722 1243 772 ea
1295 702 1541 786 verba,
1596 723 1684 771 ex
1732 702 1980 794 quibus
2018 701 2281 794 pendet
2315 704 2444 773 iste
2482 722 2653 774 con-

276 803 642 876 iunctivus.
717 806 947 896 Atque
986 806 1054 874 in
1092 804 1223 875 hac
1261 805 1413 899 ipsa
1449 827 1526 875 re
1564 806 1776 876 fallax
1821 805 1934 875 illa
1991 805 2166 875 ratio
2205 807 2650 900 conspicitur,

272 929 455 999 quae
517 909 824 1002 speciem
888 909 1178 1000 praebet
1240 909 1469 981 futuri.
1571 908 1746 979 Nam
1806 910 2020 992 acti0,
2074 929 2252 1000 quae
2303 918 2655 1001 tamquam

275 1021 561 1103 peracta
611 1013 937 1096 sumitur,
995 1034 1127 1082 nec
1178 1024 1411 1084 tamen
1459 1023 1743 1106 peracta
1794 1021 1932 1095 est,
1991 1013 2341 1103 requirere
2380 1012 2658 1084 videtur

274 1114 575 1207 aliquid,
623 1137 764 1208 quo
814 1125 1174 1207 peractum
1226 1125 1443 1188 eatur.
1527 1116 1673 1200 Sic,
1730 1124 1803 1186 ut
1847 1114 1980 1184 hoc
2035 1125 2221 1199 utar,
2278 1116 2655 1210 Madvigius

276 1239 342 1310 p.
381 1219 502 1290 87.
538 1220 744 1290 futuri
795 1220 1313 1292 coniunctivum
1366 1241 1523 1290 esse
1572 1229 1768 1314 putat
1802 1219 1869 1288 in
1907 1217 2042 1288 hoc
2078 1239 2277 1289 versu
2318 1219 2536 1290 Plauti
2587 1219 2657 1289 in

273 1322 532 1392 Bacch.
565 1322 668 1391 IV.
709 1321 776 1406 4,
811 1325 933 1393 50.

485 1447 835 1521 emunyam
871 1424 1089 1496 hercle
1125 1424 1456 1496 hominem
1484 1424 1695 1520 probe
1733 1423 1951 1512 hodie,
1989 1448 2071 1494 ae
2106 1424 2179 1494 id
2213 1424 2657 1520 nequidquam

1929 1527 2192 1599 dixerit.

275 1629 370 1701 At
405 1631 464 1700 si
500 1631 572 1702 id
611 1631 876 1703 Graece
913 1633 1128 1714 dicas
1170 1633 1461 1726 perfecti
1499 1633 2019 1703 coniunctivum
2054 1632 2378 1703 habebis:
2435 1631 2659 1708 καλῶς

276 1734 504 1805 αὐτὸν
540 1735 623 1832 νὴ
664 1734 814 1806 Δία
849 1735 1159 1832 τήμερον
1194 1733 1827 1831 παρακρούσομαι,
1875 1743 1990 1805 ἵνα
2025 1735 2122 1832 μὴ
2170 1733 2406 1831 μάτην
2444 1735 2660 1804 τοῦτο

283 1834 556 1933 εἰρήκῃ,
598 1860 731 1909 nec
769 1841 827 1909 si
863 1840 1104 1910 Latine
1141 1861 1296 1910 eam
1345 1839 1757 1910 sententiam
1795 1862 1878 1909 ne
1915 1839 1984 1908 in
2019 1849 2093 1909 ut
2125 1847 2389 1910 mutato
2439 1858 2661 1907 enun-

277 1940 451 2026 tieS,
517 1941 711 2013 dicas
772 1951 844 2012 at
897 1941 1056 2013 dicti
1099 1966 1356 2037 poenas
1409 1942 1688 2014 daturas
1740 1941 1860 2027 sit,
1918 1943 2044 2013 sed
2095 1949 2172 2011 ut
2222 1941 2331 2012 det
2380 1963 2655 2036 poenas.

273 2043 536 2115 Verum
589 2067 823 2138 quam·
850 2047 1114 2116 incerta
1162 2058 1233 2117 et
1285 2047 1476 2117 fluxa
1528 2047 1617 2116 sit
1652 2047 1775 2116 viri
1811 2046 2382 2139 praestantissimi
2419 2044 2662 2137 dispu-

270 2148 473 2232 tatio,
523 2170 872 2241 quamque
909 2152 1059 2244 ipse
1093 2149 1280 2221 haud
1317 2152 1524 2243 longe
1561 2151 1651 2219 ab
1689 2171 1775 2219 ea
1811 2172 2018 2241 quam
2056 2171 2183 2219 nos
2222 2148 2661 2219 defendimus

276 2253 628 2323 sententia
683 2254 892 2338 absit,
946 2253 1121 2324 haec
1174 2254 1325 2325 eius
1375 2254 1586 2324 verba
1636 2253 2015 2324 ostendunt
2048 2277 2113 2346 p.
2154 2256 2321 2323 404.
2362 2253 2464 2321 »in
2502 2273 2663 2344 per-

275 2357 545 2426 fectum
582 2356 759 2427 haec
799 2358 1019 2427 forma
1056 2357 1478 2428 coniunctivi
1515 2366 1662 2428 tum
1701 2357 1976 2442 transit,
2021 2379 2235 2449 quum
2284 2353 2662 2448 respondet

274 2458 658 2530 indicativo
703 2461 1029 2553 perfecti,
1086 2462 1281 2533 velut
1328 2484 1414 2532 ex
1463 2483 1584 2546 e0,
1640 2460 1828 2553 quod
1881 2470 2016 2531 est:
2074 2483 2274 2554 quam
2307 2482 2468 2529 usas
2495 2479 2661 2553 pro-

270 2560 585 2657 9rediens
618 2562 1151 2657 familiaritatem
1188 2563 1421 2657 effecit,
1461 2572 1598 2634 tum
1635 2586 1826 2634 amor
1861 2563 2228 2658 efflorescit,
2261 2561 2338 2632 fit
2375 2559 2541 2656 (Cic.
2572 2561 2662 2631 de

275 2667 427 2740 Fin.
462 2668 509 2736 1.
545 2669 666 2753 20,
700 2666 877 2761 69.):
919 2669 1166 2755 dicant,
1206 2692 1407 2764 qaam
1447 2709 1537 2721 —-
1579 2668 1889 2762 effecerit,
1930 2675 2066 2738 tum
2105 2709 2196 2718 —
2232 2666 2657 2762 efflorescere.

276 2772 579 2841 Tantum
634 2772 1156 2865 intelligendum
1206 2783 1346 2858 est,
1401 2784 1711 2858 vetereS,
1766 2794 1978 2865 quum
2016 2772 2196 2841 hanc
2243 2773 2533 2841 formam
2572 2791 2668 2840 ex

276 2877 521 2945 futuro
575 2875 645 2944 in
698 2877 1143 2969 praeteritum
1209 2885 1682 2948 transeuntem
1746 2884 2120 2969 ponerent,
2183 2896 2323 2944 non
2387 2894 2665 2967 semper

276 2987 482 3048 certo
519 3000 733 3049 sensu
770 2988 1084 3072 tempora
1123 2979 1546 3064 distinxisse,
1588 2989 1663 3050 ut
1698 2979 2014 3072 praecise
2051 2978 2180 3071 ipsi
2217 2976 2455 3046 dicere
2498 2997 2664 3069 pos-
2679 2997 2733 3049 p·
2755 2986 2817 3034 ⁴8

278 3091 469 3164 sent,
511 3082 626 3152 ubi
666 3104 790 3176 pro
828 3084 1058 3152 futuro
1097 3092 1372 3167 exactO,
1411 3082 1530 3153 ubi
1568 3104 1695 3175 pro
1733 3083 2042 3175 perfecto
2080 3088 2438 3172 ponerent.
2452 3107 2482 3143 «
2544 3077 2664 3149 Ni-

277 3185 559 3269 mirum,
617 3195 692 3255 ut
743 3185 972 3256 dicam
1027 3186 1218 3278 quod
1270 3186 1519 3269 sentio,
1559 3206 1708 3254 rem
1747 3185 1911 3255 satis
1948 3186 2224 3277 planam
2261 3182 2368 3251 vir
2404 3181 2665 3252 doctis-

276 3289 501 3359 simus
557 3289 840 3360 nimium
893 3289 1274 3360 dividendo
1336 3288 1973 3381 distinguendoque
2032 3286 2452 3378 implicatam
2504 3283 2666 3355 red-
2759 3376 2765 3384 =

279 3391 482 3463 didit.
563 3393 840 3464 Etenim
877 3393 1242 3464 multitudo
1280 3393 1696 3463 divisionum
1738 3402 1809 3462 et
1845 3390 2363 3462 distinctionum
2398 3397 2665 3459 tantum

278 3497 493 3566 obest
554 3497 1053 3590 perspicuitati,
1117 3506 1452 3589 quantum
1516 3496 1803 3590 prodest
1865 3515 2290 3566 summorum
2352 3514 2667 3564 momen-

281 3611 519 3670 torum
556 3599 708 3670 talis
745 3598 1081 3685 definitio,
1119 3623 1256 3693 qua
1294 3610 1530 3671 cetera
1565 3621 1692 3693 per
1727 3621 1805 3670 se
1841 3606 2224 3693 patescant.

497 3704 572 3772 lu
623 3705 807 3773 omni
861 3704 994 3775 hac
1044 3703 1510 3798 disputatione
1561 3702 2040 3774 tantummodo
2079 3702 2169 3773 de
2207 3699 2451 3771 futuris
2488 3699 2557 3767 in
2593 3721 2665 3768 so

281 3816 360 3878 et
394 3829 470 3876 ro
511 3808 929 3878 exeuntibus
966 3829 1347 3899 eorumque
1385 3806 1869 3891 coniunctivis,
1910 3807 1966 3875 si
2018 3805 2112 3875 illi
2168 3814 2326 3874 sunt
2377 3802 2670 3873 coniun-

290 3910 451 3981 ctivi
505 3910 834 4004 temporis
880 3912 1120 3995 futuri,
1161 3933 1392 3982 sermo
1442 3911 1587 3983 fuit.
1668 3910 1984 3979 Debebat
2020 3918 2250 3980 autem
2288 3928 2428 3977 non
2465 3926 2671 3999 prae-

288 4013 484 4085 teriri
523 4014 710 4086 aliud
746 4037 968 4106 genus
1006 4014 1418 4085 coniunctivi
1455 4014 1803 4106 futurique
1841 4012 2087 4098 exacti,
2127 4009 2315 4104 quod
2352 4018 2672 4081 neutram

286 4120 584 4189 formam
634 4117 866 4189 habet.
980 4118 1281 4189 Fuerunt
1349 4118 1533 4187 enim
1587 4116 1934 4209 quaedam
1984 4116 2132 4185 sive
2185 4114 2469 4206 antiqua
2518 4113 2670 4184 sive

290 4222 604 4315 vulgaria
640 4221 1035 4315 praeterita,
1077 4231 1150 4292 ut
1185 4220 1431 4291 credui.
1512 4221 1789 4292 Plautus
1828 4219 1988 4290 Cas,
2023 4220 2098 4288 II.
2136 4221 2204 4301 8,
2240 4216 2357 4288 4⁴,

501 4324 685 4420 apud
719 4323 894 4394 hunc
927 4322 1222 4394 sodalem
1258 4348 1476 4394 meum
1513 4332 1708 4418 atque
1742 4321 2033 4394 vicinum
2069 4319 2234 4391 mihi

499 4427 683 4499 locus
719 4436 814 4498 est
839 4435 1155 4522 paratus:
1193 4427 1255 4497 ei
1290 4450 1406 4521 eqo
1445 4450 1739 4498 amorem
1775 4448 2031 4496 omnem
2066 4447 2286 4496 meam
2399 4503 2406 4515 ,

504 4531 894 4602 concrediti:
926 4530 988 4600 is
1023 4554 1092 4601 se
1128 4529 1293 4601 mihi
1332 4530 1546 4601 locum
1584 4529 1755 4601 dixit
1789 4529 1971 4600 dare.
