<?xml version="1.0" encoding="UTF-8"?>
<!DOCTYPE html PUBLIC "-//W3C//DTD XHTML 1.0 Transitional//EN"
    "http://www.w3.org/TR/xhtml1/DTD/xhtml1-transitional.dtd">
<html xmlns="http://www.w3.org/1999/xhtml" xml:lang="en" lang="en">
 <head>
  <title>
</title>
<meta http-equiv="Content-Type" content="text/html;charset=utf-8" />
  <meta name='ocr-system' content='tesseract 3.04.00' />
  <meta name='ocr-capabilities' content='ocr_page ocr_carea ocr_par ocr_line ocrx_word'/>
</head>
<body>
  <div class='ocr_page' id='page_1' title='image "./godofrediherman02hermgoog/godofrediherman02hermgoog_0495.png"; bbox 0 0 3328 5326; ppageno 0'>
   <div class='ocr_carea' id='block_1_1' title="bbox 1349 366 2722 428">
    <p class='ocr_par' dir='ltr' id='par_1_1' title="bbox 1349 366 2722 428">
     <span class='ocr_line' id='line_1_1' title="bbox 1349 366 2722 428; baseline 0.001 -2"><span class='ocrx_word' id='word_1_1' title='bbox 1349 366 1723 428; x_wconf 86' lang='lat' dir='ltr'><strong>TABULAE.</strong></span> <span class='ocrx_word' id='word_1_2' title='bbox 2598 366 2722 428; x_wconf 78' lang='lat'><strong>477</strong></span> 
     </span>
    </p>
   </div>
   <div class='ocr_carea' id='block_1_2' title="bbox 356 555 2722 1375">
    <p class='ocr_par' dir='ltr' id='par_1_2' title="bbox 356 555 2722 1375">
     <span class='ocr_line' id='line_1_2' title="bbox 356 555 2722 651; baseline 0.002 -27"><span class='ocrx_word' id='word_1_3' title='bbox 356 555 705 627; x_wconf 90' lang='lat' dir='ltr'><strong>hominem</strong></span> <span class='ocrx_word' id='word_1_4' title='bbox 756 559 1010 630; x_wconf 87' lang='lat' dir='ltr'><strong>malum</strong></span> <span class='ocrx_word' id='word_1_5' title='bbox 1062 580 1221 629; x_wconf 91' lang='lat' dir='ltr'><strong>esse</strong></span> <span class='ocrx_word' id='word_1_6' title='bbox 1270 579 1403 628; x_wconf 87' lang='lat' dir='ltr'><strong>nec</strong></span> <span class='ocrx_word' id='word_1_7' title='bbox 1454 558 1582 628; x_wconf 90' lang='lat' dir='ltr'><strong>nisi</strong></span> <span class='ocrx_word' id='word_1_8' title='bbox 1635 556 1991 628; x_wconf 90' lang='lat' dir='ltr'><strong>credendo</strong></span> <span class='ocrx_word' id='word_1_9' title='bbox 2027 557 2394 651; x_wconf 87' lang='lat' dir='ltr'><strong>impetrare</strong></span> <span class='ocrx_word' id='word_1_10' title='bbox 2429 559 2722 650; x_wconf 81' lang='lat' dir='ltr'><strong>gratiam</strong></span> 
     </span>
     <span class='ocr_line' id='line_1_3' title="bbox 1168 660 1937 732; baseline -0.003 0"><span class='ocrx_word' id='word_1_11' title='bbox 1168 662 1464 732; x_wconf 88' lang='lat' dir='ltr'><strong>divinam</strong></span> <span class='ocrx_word' id='word_1_12' title='bbox 1512 660 1937 732; x_wconf 81' lang='lat' dir='ltr'>dictantium.</span> 
     </span>
     <span class='ocr_line' id='line_1_4' title="bbox 532 762 2511 857; baseline 0.002 -26"><span class='ocrx_word' id='word_1_13' title='bbox 532 763 804 855; x_wconf 83' lang='lat' dir='ltr'><strong>Ignavis</strong></span> <span class='ocrx_word' id='word_1_14' title='bbox 841 765 1026 835; x_wconf 90' lang='lat' dir='ltr'><strong>nulla</strong></span> <span class='ocrx_word' id='word_1_15' title='bbox 1063 765 1150 835; x_wconf 89' lang='lat' dir='ltr'><strong>ab</strong></span> <span class='ocrx_word' id='word_1_16' title='bbox 1186 766 1334 836; x_wconf 93' lang='lat' dir='ltr'><strong>Deo</strong></span> <span class='ocrx_word' id='word_1_17' title='bbox 1369 765 1590 857; x_wconf 82' lang='lat' dir='ltr'><strong>gratia</strong></span> <span class='ocrx_word' id='word_1_18' title='bbox 1625 774 1735 834; x_wconf 89' lang='lat' dir='ltr'><strong>est</strong></span> <span class='ocrx_word' id='word_1_19' title='bbox 1768 764 2059 836; x_wconf 87' lang='lat' dir='ltr'><strong>fortibus</strong></span> <span class='ocrx_word' id='word_1_20' title='bbox 2097 764 2274 834; x_wconf 87' lang='lat' dir='ltr'><strong>ultro</strong></span> <span class='ocrx_word' id='word_1_21' title='bbox 2310 762 2511 835; x_wconf 86' lang='lat' dir='ltr'><strong>adest</strong></span> 
     </span>
     <span class='ocr_line' id='line_1_5' title="bbox 402 867 2718 961; baseline 0.002 -28"><span class='ocrx_word' id='word_1_22' title='bbox 402 886 532 935; x_wconf 91' lang='lat' dir='ltr'><strong>nec</strong></span> <span class='ocrx_word' id='word_1_23' title='bbox 571 867 1106 961; x_wconf 77' lang='lat' dir='ltr'>supplicationes</span> <span class='ocrx_word' id='word_1_24' title='bbox 1144 867 1272 940; x_wconf 91' lang='lat' dir='ltr'><strong>sed</strong></span> <span class='ocrx_word' id='word_1_25' title='bbox 1306 869 1523 940; x_wconf 85' lang='lat' dir='ltr'><strong>virtus</strong></span> <span class='ocrx_word' id='word_1_26' title='bbox 1562 877 1631 939; x_wconf 93' lang='lat' dir='ltr'><strong>et</strong></span> <span class='ocrx_word' id='word_1_27' title='bbox 1666 868 1863 937; x_wconf 86' lang='lat' dir='ltr'><strong>labor</strong></span> <span class='ocrx_word' id='word_1_28' title='bbox 1908 869 2289 939; x_wconf 78' lang='lat' dir='ltr'><strong>formarunt</strong></span> <span class='ocrx_word' id='word_1_29' title='bbox 2324 868 2718 939; x_wconf 86' lang='lat' dir='ltr'><strong>Herculem.</strong></span> 
     </span>
     <span class='ocr_line' id='line_1_6' title="bbox 1243 970 1828 1041; baseline -0.002 0"><span class='ocrx_word' id='word_1_30' title='bbox 1243 970 1651 1041; x_wconf 83' lang='lat' dir='ltr'><strong>Heraclidae</strong></span> <span class='ocrx_word' id='word_1_31' title='bbox 1689 970 1828 1041; x_wconf 88' lang='lat' dir='ltr'><strong>sint</strong></span> 
     </span>
     <span class='ocr_line' id='line_1_7' title="bbox 1237 1075 1839 1166; baseline -0.002 -21"><span class='ocrx_word' id='word_1_32' title='bbox 1237 1096 1279 1145; x_wconf 97' lang='lat' dir='ltr'><strong>o</strong></span> <span class='ocrx_word' id='word_1_33' title='bbox 1316 1076 1597 1166; x_wconf 90' lang='lat' dir='ltr'><strong>antiqua</strong></span> <span class='ocrx_word' id='word_1_34' title='bbox 1633 1075 1839 1145; x_wconf 87' lang='lat' dir='ltr'><strong>Porta</strong></span> 
     </span>
     <span class='ocr_line' id='line_1_8' title="bbox 1036 1176 2031 1270; baseline -0.003 -21"><span class='ocrx_word' id='word_1_35' title='bbox 1036 1178 1154 1270; x_wconf 89' lang='lat' dir='ltr'><strong>qui</strong></span> <span class='ocrx_word' id='word_1_36' title='bbox 1189 1179 1323 1249; x_wconf 87' lang='lat' dir='ltr'><strong>tuis</strong></span> <span class='ocrx_word' id='word_1_37' title='bbox 1360 1200 1453 1248; x_wconf 87' lang='lat' dir='ltr'><strong>ex</strong></span> <span class='ocrx_word' id='word_1_38' title='bbox 1487 1176 2031 1248; x_wconf 83' lang='lat' dir='ltr'><strong>armamentariis</strong></span> 
     </span>
     <span class='ocr_line' id='line_1_9' title="bbox 992 1280 2065 1375; baseline -0.004 -24"><span class='ocrx_word' id='word_1_39' title='bbox 992 1281 1243 1351; x_wconf 86' lang='lat' dir='ltr'><strong>scutati</strong></span> <span class='ocrx_word' id='word_1_40' title='bbox 1278 1282 1667 1373; x_wconf 87' lang='lat' dir='ltr'><strong>hastatique</strong></span> <span class='ocrx_word' id='word_1_41' title='bbox 1704 1280 2065 1375; x_wconf 83' lang='lat' dir='ltr'><strong>prodeant.</strong></span> 
     </span>
    </p>
   </div>
   <div class='ocr_carea' id='block_1_3' title="bbox 721 1898 2329 2111">
    <p class='ocr_par' dir='ltr' id='par_1_3' title="bbox 721 1898 2329 2111">
     <span class='ocr_line' id='line_1_10' title="bbox 1265 1898 1850 1969; baseline 0.005 -3"><span class='ocrx_word' id='word_1_42' title='bbox 1265 1954 1279 1966; x_wconf 91' lang='lat'><strong>.</strong></span> <span class='ocrx_word' id='word_1_43' title='bbox 1322 1898 1392 1966; x_wconf 88' lang='lat' dir='ltr'><strong>F.</strong></span> <span class='ocrx_word' id='word_1_44' title='bbox 1433 1898 1502 1968; x_wconf 89' lang='lat' dir='ltr'><strong>F.</strong></span> <span class='ocrx_word' id='word_1_45' title='bbox 1547 1898 1615 1969; x_wconf 91' lang='lat' dir='ltr'><strong>F.</strong></span> <span class='ocrx_word' id='word_1_46' title='bbox 1726 1954 1740 1969; x_wconf 87' lang='lat'><strong>.</strong></span> <span class='ocrx_word' id='word_1_47' title='bbox 1785 1899 1850 1969; x_wconf 89' lang='lat' dir='ltr'><strong>S.</strong></span> 
     </span>
     <span class='ocr_line' id='line_1_11' title="bbox 721 1899 2329 2111; baseline 0.001 -17"><span class='ocrx_word' id='word_1_48' title='bbox 721 2026 887 2096; x_wconf 90' lang='lat' dir='ltr'><strong>PRO</strong></span> <span class='ocrx_word' id='word_1_49' title='bbox 944 1899 1277 2096; x_wconf 51' lang='lat' dir='ltr'>SALUT}</span> <span class='ocrx_word' id='word_1_50' title='bbox 1332 1899 2329 2111; x_wconf 41' lang='lat' dir='ltr'><strong>ATQUE3NCOLUM1TATE</strong></span> 
     </span>
    </p>
   </div>
   <div class='ocr_carea' id='block_1_4' title="bbox 378 2148 2564 2392">
    <p class='ocr_par' dir='ltr' id='par_1_4' title="bbox 378 2148 2564 2392">
     <span class='ocr_line' id='line_1_12' title="bbox 378 2148 2564 2234; baseline 0.001 -4"><span class='ocrx_word' id='word_1_51' title='bbox 378 2156 381 2165; x_wconf 93' lang='lat'>·</span> <span class='ocrx_word' id='word_1_52' title='bbox 485 2148 910 2233; x_wconf 72' lang='lat' dir='ltr'><strong>mcum:</strong></span> <span class='ocrx_word' id='word_1_53' title='bbox 964 2149 1205 2234; x_wconf 76' lang='lat' dir='ltr'><strong>QUAE</strong></span> <span class='ocrx_word' id='word_1_54' title='bbox 1254 2148 1753 2234; x_wconf 66' lang='lat' dir='ltr'><strong>ammom</strong></span> <span class='ocrx_word' id='word_1_55' title='bbox 1803 2149 2347 2233; x_wconf 68' lang='lat' dir='ltr'><strong>Pssussonuu</strong></span> <span class='ocrx_word' id='word_1_56' title='bbox 2399 2149 2564 2233; x_wconf 78' lang='lat' dir='ltr'><strong>Esr</strong></span> 
     </span>
     <span class='ocr_line' id='line_1_13' title="bbox 716 2279 2333 2392; baseline 0.001 -2"><span class='ocrx_word' id='word_1_57' title='bbox 716 2279 1448 2390; x_wconf 81' lang='lat' dir='ltr'><strong>AOADEMJAE</strong></span> <span class='ocrx_word' id='word_1_58' title='bbox 1523 2280 2333 2392; x_wconf 84' lang='lat' dir='ltr'><strong>ALBERTINAE</strong></span> 
     </span>
    </p>
   </div>
   <div class='ocr_carea' id='block_1_5' title="bbox 338 2421 2712 2596">
    <p class='ocr_par' dir='ltr' id='par_1_5' title="bbox 338 2421 2712 2596">
     <span class='ocr_line' id='line_1_14' title="bbox 338 2421 2712 2520; baseline 0 -13"><span class='ocrx_word' id='word_1_59' title='bbox 338 2444 547 2517; x_wconf 87' lang='lat' dir='ltr'><strong>QUAE</strong></span> <span class='ocrx_word' id='word_1_60' title='bbox 595 2445 740 2506; x_wconf 87' lang='lat' dir='ltr'><strong>PER</strong></span> <span class='ocrx_word' id='word_1_61' title='bbox 785 2447 960 2506; x_wconf 90' lang='lat' dir='ltr'><strong>TRIA</strong></span> <span class='ocrx_word' id='word_1_62' title='bbox 1015 2445 1314 2509; x_wconf 88' lang='lat' dir='ltr'>SECULA</span> <span class='ocrx_word' id='word_1_63' title='bbox 1371 2446 1678 2508; x_wconf 88' lang='lat' dir='ltr'><strong>SEVERA</strong></span> <span class='ocrx_word' id='word_1_64' title='bbox 1732 2444 2221 2508; x_wconf 84' lang='lat' dir='ltr'><strong>LITTERARUM</strong></span> <span class='ocrx_word' id='word_1_65' title='bbox 2264 2421 2712 2520; x_wconf 67' lang='lat' dir='ltr'><strong>ARTIUMQUE</strong></span> 
     </span>
     <span class='ocr_line' id='line_1_15' title="bbox 764 2532 2277 2596; baseline 0.001 -3"><span class='ocrx_word' id='word_1_66' title='bbox 764 2532 1042 2594; x_wconf 86' lang='lat' dir='ltr'>STUDIA</span> <span class='ocrx_word' id='word_1_67' title='bbox 1086 2534 1355 2594; x_wconf 79' lang='lat' dir='ltr'>EXIMIE</span> <span class='ocrx_word' id='word_1_68' title='bbox 1401 2532 1628 2596; x_wconf 86' lang='lat' dir='ltr'><strong>ALUIT</strong></span> <span class='ocrx_word' id='word_1_69' title='bbox 1675 2533 1899 2596; x_wconf 89' lang='lat' dir='ltr'>FOVIT</span> <span class='ocrx_word' id='word_1_70' title='bbox 1943 2532 2277 2595; x_wconf 84' lang='lat' dir='ltr'><strong>ADIUVIT.</strong></span> 
     </span>
    </p>
   </div>
   <div class='ocr_carea' id='block_1_6' title="bbox 334 2726 2711 3625">
    <p class='ocr_par' dir='ltr' id='par_1_6' title="bbox 334 2726 2711 3625">
     <span class='ocr_line' id='line_1_16' title="bbox 339 2726 2710 2817; baseline 0.001 -23"><span class='ocrx_word' id='word_1_71' title='bbox 339 2726 415 2794; x_wconf 91' lang='lat' dir='ltr'><strong>In</strong></span> <span class='ocrx_word' id='word_1_72' title='bbox 465 2747 604 2817; x_wconf 90' lang='lat' dir='ltr'><strong>qua</strong></span> <span class='ocrx_word' id='word_1_73' title='bbox 640 2727 865 2796; x_wconf 86' lang='lat' dir='ltr'><strong>facem</strong></span> <span class='ocrx_word' id='word_1_74' title='bbox 907 2727 1057 2797; x_wconf 90' lang='lat' dir='ltr'><strong>sine</strong></span> <span class='ocrx_word' id='word_1_75' title='bbox 1104 2729 1291 2799; x_wconf 85' lang='lat' dir='ltr'><strong>fumo</strong></span> <span class='ocrx_word' id='word_1_76' title='bbox 1343 2729 1693 2799; x_wconf 87' lang='lat' dir='ltr'><strong>lucentem</strong></span> <span class='ocrx_word' id='word_1_77' title='bbox 1732 2727 1972 2799; x_wconf 86' lang='lat' dir='ltr'><strong>extulit</strong></span> <span class='ocrx_word' id='word_1_78' title='bbox 2011 2727 2391 2798; x_wconf 80' lang='lat' dir='ltr'><strong>immanuel</strong></span> <span class='ocrx_word' id='word_1_79' title='bbox 2424 2726 2710 2798; x_wconf 90' lang='lat' dir='ltr'><strong>Kantius</strong></span> 
     </span>
     <span class='ocr_line' id='line_1_17' title="bbox 334 2828 2708 2923; baseline 0 -24"><span class='ocrx_word' id='word_1_80' title='bbox 334 2828 844 2923; x_wconf 86' lang='lat' dir='ltr'><strong>descriptisque</strong></span> <span class='ocrx_word' id='word_1_81' title='bbox 917 2831 1168 2900; x_wconf 85' lang='lat' dir='ltr'><strong>mentis</strong></span> <span class='ocrx_word' id='word_1_82' title='bbox 1241 2831 1588 2902; x_wconf 89' lang='lat' dir='ltr'><strong>humanae</strong></span> <span class='ocrx_word' id='word_1_83' title='bbox 1666 2829 1918 2901; x_wconf 88' lang='lat' dir='ltr'><strong>finibus</strong></span> <span class='ocrx_word' id='word_1_84' title='bbox 1981 2830 2180 2901; x_wconf 87' lang='lat' dir='ltr'><strong>firma</strong></span> <span class='ocrx_word' id='word_1_85' title='bbox 2257 2831 2420 2901; x_wconf 93' lang='lat' dir='ltr'><strong>iecit</strong></span> <span class='ocrx_word' id='word_1_86' title='bbox 2484 2831 2708 2902; x_wconf 90' lang='lat' dir='ltr'><strong>omnis</strong></span> 
     </span>
     <span class='ocr_line' id='line_1_18' title="bbox 339 2932 2711 3026; baseline 0 -24"><span class='ocrx_word' id='word_1_87' title='bbox 339 2932 671 3003; x_wconf 88' lang='lat' dir='ltr'><strong>scientiae</strong></span> <span class='ocrx_word' id='word_1_88' title='bbox 709 2933 1176 3005; x_wconf 84' lang='lat' dir='ltr'><strong>fundamenta.</strong></span> <span class='ocrx_word' id='word_1_89' title='bbox 1259 2935 1334 3002; x_wconf 93' lang='lat' dir='ltr'><strong>In</strong></span> <span class='ocrx_word' id='word_1_90' title='bbox 1371 2955 1507 3025; x_wconf 89' lang='lat' dir='ltr'><strong>qua</strong></span> <span class='ocrx_word' id='word_1_91' title='bbox 1543 2956 1757 3026; x_wconf 91' lang='lat' dir='ltr'><strong>quum</strong></span> <span class='ocrx_word' id='word_1_92' title='bbox 1793 2942 2071 3003; x_wconf 87' lang='lat' dir='ltr'><strong>ceterae</strong></span> <span class='ocrx_word' id='word_1_93' title='bbox 2105 2943 2292 3003; x_wconf 87' lang='lat' dir='ltr'><strong>artes</strong></span> <span class='ocrx_word' id='word_1_94' title='bbox 2330 2954 2412 3004; x_wconf 90' lang='lat' dir='ltr'><strong>ac</strong></span> <span class='ocrx_word' id='word_1_95' title='bbox 2450 2932 2711 3005; x_wconf 91' lang='lat' dir='ltr'><strong>doctri-</strong></span> 
     </span>
     <span class='ocr_line' id='line_1_19' title="bbox 338 3036 2711 3131; baseline 0 -26"><span class='ocrx_word' id='word_1_96' title='bbox 338 3056 472 3106; x_wconf 90' lang='lat' dir='ltr'><strong>nae</strong></span> <span class='ocrx_word' id='word_1_97' title='bbox 537 3037 1054 3131; x_wconf 84' lang='lat' dir='ltr'><strong>praecipueque</strong></span> <span class='ocrx_word' id='word_1_98' title='bbox 1119 3057 1566 3108; x_wconf 88' lang='lat' dir='ltr'><strong>numerorum</strong></span> <span class='ocrx_word' id='word_1_99' title='bbox 1630 3046 1703 3106; x_wconf 90' lang='lat' dir='ltr'><strong>et</strong></span> <span class='ocrx_word' id='word_1_100' title='bbox 1759 3057 2238 3107; x_wconf 89' lang='lat' dir='ltr'><strong>mensurarum</strong></span> <span class='ocrx_word' id='word_1_101' title='bbox 2301 3036 2711 3107; x_wconf 85' lang='lat' dir='ltr'><strong>reconditae</strong></span> 
     </span>
     <span class='ocr_line' id='line_1_20' title="bbox 336 3139 2710 3232; baseline 0 -23"><span class='ocrx_word' id='word_1_102' title='bbox 336 3141 642 3211; x_wconf 87' lang='lat' dir='ltr'><strong>rationes</strong></span> <span class='ocrx_word' id='word_1_103' title='bbox 693 3140 1234 3232; x_wconf 90' lang='lat' dir='ltr'><strong>caelestiumque</strong></span> <span class='ocrx_word' id='word_1_104' title='bbox 1283 3139 1637 3231; x_wconf 85' lang='lat' dir='ltr'><strong>signorum</strong></span> <span class='ocrx_word' id='word_1_105' title='bbox 1686 3159 1811 3232; x_wconf 87' lang='lat' dir='ltr'><strong>per</strong></span> <span class='ocrx_word' id='word_1_106' title='bbox 1848 3139 2184 3209; x_wconf 90' lang='lat' dir='ltr'><strong>immensa</strong></span> <span class='ocrx_word' id='word_1_107' title='bbox 2219 3140 2440 3232; x_wconf 86' lang='lat' dir='ltr'><strong>spatia</strong></span> <span class='ocrx_word' id='word_1_108' title='bbox 2474 3149 2710 3210; x_wconf 91' lang='lat' dir='ltr'><strong>motus</strong></span> 
     </span>
     <span class='ocr_line' id='line_1_21' title="bbox 339 3241 2706 3335; baseline -0 -22"><span class='ocrx_word' id='word_1_109' title='bbox 339 3252 409 3313; x_wconf 92' lang='lat' dir='ltr'><strong>et</strong></span> <span class='ocrx_word' id='word_1_110' title='bbox 454 3253 744 3315; x_wconf 89' lang='lat' dir='ltr'><strong>naturae</strong></span> <span class='ocrx_word' id='word_1_111' title='bbox 792 3265 1217 3316; x_wconf 90' lang='lat' dir='ltr'><strong>summorum</strong></span> <span class='ocrx_word' id='word_1_112' title='bbox 1261 3243 1567 3315; x_wconf 87' lang='lat' dir='ltr'><strong>virorum</strong></span> <span class='ocrx_word' id='word_1_113' title='bbox 1613 3242 1907 3335; x_wconf 82' lang='lat' dir='ltr'><strong>ingeniis</strong></span> <span class='ocrx_word' id='word_1_114' title='bbox 1958 3242 2357 3335; x_wconf 88' lang='lat' dir='ltr'><strong>aperiuntur</strong></span> <span class='ocrx_word' id='word_1_115' title='bbox 2391 3251 2536 3314; x_wconf 85' lang='lat' dir='ltr'><strong>tum</strong></span> <span class='ocrx_word' id='word_1_116' title='bbox 2571 3241 2706 3312; x_wconf 77' lang='lat' dir='ltr'><strong>illis</strong></span> 
     </span>
     <span class='ocr_line' id='line_1_22' title="bbox 337 3344 2707 3440; baseline -0.001 -24"><span class='ocrx_word' id='word_1_117' title='bbox 337 3347 581 3418; x_wconf 87' lang='lat' dir='ltr'><strong>litteris</strong></span> <span class='ocrx_word' id='word_1_118' title='bbox 632 3369 674 3418; x_wconf 91' lang='lat' dir='ltr'><strong>a</strong></span> <span class='ocrx_word' id='word_1_119' title='bbox 724 3348 974 3440; x_wconf 90' lang='lat' dir='ltr'><strong>quibus</strong></span> <span class='ocrx_word' id='word_1_120' title='bbox 1020 3347 1242 3418; x_wconf 90' lang='lat' dir='ltr'><strong>omnis</strong></span> <span class='ocrx_word' id='word_1_121' title='bbox 1294 3345 1598 3416; x_wconf 88' lang='lat' dir='ltr'><strong>liberalis</strong></span> <span class='ocrx_word' id='word_1_122' title='bbox 1647 3344 1943 3416; x_wconf 86' lang='lat' dir='ltr'><strong>eruditio</strong></span> <span class='ocrx_word' id='word_1_123' title='bbox 1980 3346 2293 3439; x_wconf 82' lang='lat' dir='ltr'><strong>profecta</strong></span> <span class='ocrx_word' id='word_1_124' title='bbox 2329 3355 2437 3416; x_wconf 92' lang='lat' dir='ltr'><strong>est</strong></span> <span class='ocrx_word' id='word_1_125' title='bbox 2473 3345 2707 3416; x_wconf 86' lang='lat' dir='ltr'><strong>infesti</strong></span> 
     </span>
     <span class='ocr_line' id='line_1_23' title="bbox 339 3448 2707 3545; baseline 0 -27"><span class='ocrx_word' id='word_1_126' title='bbox 339 3450 658 3543; x_wconf 80' lang='lat' dir='ltr'><strong>ignaviae</strong></span> <span class='ocrx_word' id='word_1_127' title='bbox 696 3451 906 3521; x_wconf 90' lang='lat' dir='ltr'><strong>animi</strong></span> <span class='ocrx_word' id='word_1_128' title='bbox 941 3451 1232 3545; x_wconf 81' lang='lat' dir='ltr'><strong>impigra</strong></span> <span class='ocrx_word' id='word_1_129' title='bbox 1255 3450 1466 3521; x_wconf 86' lang='lat' dir='ltr'><strong>virtus</strong></span> <span class='ocrx_word' id='word_1_130' title='bbox 1501 3450 1835 3520; x_wconf 92' lang='lat' dir='ltr'><strong>munitam</strong></span> <span class='ocrx_word' id='word_1_131' title='bbox 1862 3448 2291 3521; x_wconf 78' lang='lat' dir='ltr'><strong>inexhaustis</strong></span> <span class='ocrx_word' id='word_1_132' title='bbox 2318 3469 2707 3520; x_wconf 88' lang='lat' dir='ltr'><strong>armamen-</strong></span> 
     </span>
     <span class='ocr_line' id='line_1_24' title="bbox 1109 3554 1952 3625; baseline -0.004 0"><span class='ocrx_word' id='word_1_133' title='bbox 1109 3554 1299 3625; x_wconf 92' lang='lat' dir='ltr'><strong>tariis</strong></span> <span class='ocrx_word' id='word_1_134' title='bbox 1336 3574 1567 3624; x_wconf 89' lang='lat' dir='ltr'><strong>arcem</strong></span> <span class='ocrx_word' id='word_1_135' title='bbox 1605 3555 1952 3623; x_wconf 81' lang='lat' dir='ltr'><strong>exstruxit</strong></span> 
     </span>
    </p>
   </div>
   <div class='ocr_carea' id='block_1_7' title="bbox 334 3669 2708 3745">
    <p class='ocr_par' dir='ltr' id='par_1_7' title="bbox 334 3669 2708 3745">
     <span class='ocr_line' id='line_1_25' title="bbox 334 3669 2708 3745; baseline -0.001 -1"><span class='ocrx_word' id='word_1_136' title='bbox 334 3674 424 3744; x_wconf 93' lang='lat' dir='ltr'><strong>IN</strong></span> <span class='ocrx_word' id='word_1_137' title='bbox 480 3674 809 3744; x_wconf 89' lang='lat' dir='ltr'>TERTIIS</span> <span class='ocrx_word' id='word_1_138' title='bbox 865 3671 1161 3744; x_wconf 88' lang='lat' dir='ltr'>SACRIS</span> <span class='ocrx_word' id='word_1_139' title='bbox 1217 3671 1805 3745; x_wconf 85' lang='lat' dir='ltr'>SECULARJBUS</span> <span class='ocrx_word' id='word_1_140' title='bbox 1839 3671 2081 3744; x_wconf 91' lang='lat' dir='ltr'><strong>ANNO</strong></span> <span class='ocrx_word' id='word_1_141' title='bbox 2126 3669 2708 3745; x_wconf 77' lang='lat' dir='ltr'>CIDIDCCCXLIV</span> 
     </span>
    </p>
   </div>
   <div class='ocr_carea' id='block_1_8' title="bbox 335 3794 2715 4199">
    <p class='ocr_par' dir='ltr' id='par_1_8' title="bbox 341 3794 2707 3889">
     <span class='ocr_line' id='line_1_26' title="bbox 341 3794 2707 3889; baseline -0.002 -23"><span class='ocrx_word' id='word_1_142' title='bbox 341 3804 421 3867; x_wconf 89' lang='lat' dir='ltr'><strong>ut</strong></span> <span class='ocrx_word' id='word_1_143' title='bbox 455 3816 663 3889; x_wconf 85' lang='lat' dir='ltr'><strong>porro</strong></span> <span class='ocrx_word' id='word_1_144' title='bbox 701 3796 880 3865; x_wconf 91' lang='lat' dir='ltr'><strong>inter</strong></span> <span class='ocrx_word' id='word_1_145' title='bbox 917 3796 1239 3889; x_wconf 89' lang='lat' dir='ltr'><strong>ancipitia</strong></span> <span class='ocrx_word' id='word_1_146' title='bbox 1267 3805 1657 3888; x_wconf 89' lang='lat' dir='ltr'><strong>temporum</strong></span> <span class='ocrx_word' id='word_1_147' title='bbox 1683 3794 1986 3865; x_wconf 86' lang='lat' dir='ltr'><strong>veritatis</strong></span> <span class='ocrx_word' id='word_1_148' title='bbox 2015 3794 2211 3866; x_wconf 90' lang='lat' dir='ltr'><strong>cuius</strong></span> <span class='ocrx_word' id='word_1_149' title='bbox 2239 3795 2450 3865; x_wconf 90' lang='lat' dir='ltr'><strong>solius</strong></span> <span class='ocrx_word' id='word_1_150' title='bbox 2479 3803 2707 3864; x_wconf 91' lang='lat' dir='ltr'><strong>aeter-</strong></span> 
     </span>
    </p>

    <p class='ocr_par' dir='ltr' id='par_1_9' title="bbox 336 3898 2707 3992">
     <span class='ocr_line' id='line_1_27' title="bbox 336 3898 2707 3992; baseline -0.001 -24"><span class='ocrx_word' id='word_1_151' title='bbox 336 3921 506 3970; x_wconf 90' lang='lat' dir='ltr'><strong>num</strong></span> <span class='ocrx_word' id='word_1_152' title='bbox 555 3920 846 3992; x_wconf 84' lang='lat' dir='ltr'><strong>regnum</strong></span> <span class='ocrx_word' id='word_1_153' title='bbox 898 3909 1003 3969; x_wconf 86' lang='lat' dir='ltr'><strong>est</strong></span> <span class='ocrx_word' id='word_1_154' title='bbox 1050 3898 1392 3992; x_wconf 87' lang='lat' dir='ltr'><strong>intrepida</strong></span> <span class='ocrx_word' id='word_1_155' title='bbox 1426 3898 1931 3992; x_wconf 85' lang='lat' dir='ltr'><strong>propugnatrix</strong></span> <span class='ocrx_word' id='word_1_156' title='bbox 1966 3898 2435 3990; x_wconf 87' lang='lat' dir='ltr'><strong>iuvenumque</strong></span> <span class='ocrx_word' id='word_1_157' title='bbox 2471 3905 2707 3967; x_wconf 82' lang='lat' dir='ltr'><strong>erecta</strong></span> 
     </span>
    </p>

    <p class='ocr_par' dir='ltr' id='par_1_10' title="bbox 335 3999 2715 4199">
     <span class='ocr_line' id='line_1_28' title="bbox 335 3999 2715 4093; baseline -0.001 -19"><span class='ocrx_word' id='word_1_158' title='bbox 335 4002 571 4074; x_wconf 91' lang='lat' dir='ltr'><strong>indole</strong></span> <span class='ocrx_word' id='word_1_159' title='bbox 606 4002 698 4074; x_wconf 93' lang='lat' dir='ltr'><strong>ad</strong></span> <span class='ocrx_word' id='word_1_160' title='bbox 732 4024 965 4073; x_wconf 89' lang='lat' dir='ltr'><strong>veram</strong></span> <span class='ocrx_word' id='word_1_161' title='bbox 1000 4001 1280 4074; x_wconf 91' lang='lat' dir='ltr'><strong>laudem</strong></span> <span class='ocrx_word' id='word_1_162' title='bbox 1314 4001 1747 4073; x_wconf 86' lang='lat' dir='ltr'><strong>tendentium</strong></span> <span class='ocrx_word' id='word_1_163' title='bbox 1781 3999 1924 4071; x_wconf 91' lang='lat' dir='ltr'><strong>fida</strong></span> <span class='ocrx_word' id='word_1_164' title='bbox 1961 4001 2289 4093; x_wconf 80' lang='lat' dir='ltr'><strong>magistra</strong></span> <span class='ocrx_word' id='word_1_165' title='bbox 2315 4000 2715 4071; x_wconf 84' lang='lat' dir='ltr'><strong>celebretur·</strong></span> 
     </span>
     <span class='ocr_line' id='line_1_29' title="bbox 1229 4103 1814 4199; baseline -0.002 -24"><span class='ocrx_word' id='word_1_166' title='bbox 1229 4106 1585 4199; x_wconf 81' lang='lat' dir='ltr'><strong>gratulans</strong></span> <span class='ocrx_word' id='word_1_167' title='bbox 1617 4103 1814 4177; x_wconf 88' lang='lat' dir='ltr'><strong>vovit</strong></span> 
     </span>
    </p>
   </div>
   <div class='ocr_carea' id='block_1_9' title="bbox 678 4222 2364 4405">
    <p class='ocr_par' dir='ltr' id='par_1_11' title="bbox 678 4222 2364 4405">
     <span class='ocr_line' id='line_1_30' title="bbox 678 4222 2364 4298; baseline -0.002 0"><span class='ocrx_word' id='word_1_168' title='bbox 678 4223 1244 4298; x_wconf 87' lang='lat' dir='ltr'><strong>UNIVERSITAS</strong></span> <span class='ocrx_word' id='word_1_169' title='bbox 1294 4223 1851 4298; x_wconf 89' lang='lat' dir='ltr'><strong>LITTERARUM</strong></span> <span class='ocrx_word' id='word_1_170' title='bbox 1902 4222 2364 4296; x_wconf 85' lang='lat' dir='ltr'>LIPSIENSIS</span> 
     </span>
     <span class='ocr_line' id='line_1_31' title="bbox 1333 4342 1780 4405; baseline -0.002 0"><span class='ocrx_word' id='word_1_171' title='bbox 1333 4342 1700 4405; x_wconf 82' lang='lat' dir='ltr'>RECTORE</span> <span class='ocrx_word' id='word_1_172' title='bbox 1776 4357 1780 4361; x_wconf 84' lang='grc'><strong><em>’</em></strong></span> 
     </span>
    </p>
   </div>
   <div class='ocr_carea' id='block_1_10' title="bbox 916 4438 2137 4523">
    <p class='ocr_par' dir='ltr' id='par_1_12' title="bbox 916 4438 2137 4523">
     <span class='ocr_line' id='line_1_32' title="bbox 916 4438 2137 4523; baseline 0.001 -2"><span class='ocrx_word' id='word_1_173' title='bbox 916 4439 1293 4523; x_wconf 72' lang='grc' dir='ltr'><strong>ΕΒΝΕὸΪΟ</strong></span> <span class='ocrx_word' id='word_1_174' title='bbox 1348 4439 1710 4522; x_wconf 71' lang='grc' dir='ltr'><strong>ΗΕΝΒΙΒΟ</strong></span> <span class='ocrx_word' id='word_1_175' title='bbox 1767 4438 2137 4522; x_wconf 59' lang='lat' dir='ltr'><strong>wenna.</strong></span> 
     </span>
    </p>
   </div>
   <div class='ocr_carea' id='block_1_11' title="bbox 1316 4634 1726 4649">
    <p class='ocr_par' dir='ltr' id='par_1_13' title="bbox 1316 4634 1726 4649">
     <span class='ocr_line' id='line_1_33' title="bbox 1316 4634 1726 4649; baseline 0 677"><span class='ocrx_word' id='word_1_176' title='bbox 1316 4634 1726 4649; x_wconf 95' lang='lat' dir='ltr'><strong> </strong></span> 
     </span>
    </p>
   </div>
  </div>
 </body>
</html>
