3328 5326
667 377 789 440 220
1647 376 2070 440 EUR1PIDES.

666 570 830 641 dem
889 593 956 640 v.
1004 573 1123 640 65.
1183 568 1606 662 (numeris
1676 577 1875 640 utor
1933 590 2178 640 meae
2248 566 2724 659 editionis)
2771 568 3031 663 ’Ἐλληιΐ

670 672 937 766 ὁμοίως
985 667 1351 767 βάρβαρόν
1399 674 1470 744 θ’
1520 672 1752 743 ὅπλων
1803 674 2023 764 μέτα,
2094 693 2277 766 quae
2331 672 2550 744 verba
2605 671 2736 740 nisi
2789 671 3034 755 omnia,

668 778 916 847 saltem
955 775 1187 846 ὅπλων
1222 777 1429 866 μέτα,
1475 776 1716 847 inutile
1753 785 1914 848 sunt
1952 775 2532 848 additamentum.
2618 774 2890 845 Deinde
2926 775 3034 867 qui

667 880 901 950 statim
938 889 1325 971 sequuntur
1361 900 1633 964 versuS‚

1028 981 1174 1054 ε’πεὶ
1210 983 1275 1051 δ’
1315 981 1844 1078 ἐπιστώθησαν,
1887 978 1963 1053 εὖ
1999 986 2077 1054 δέ
2108 1008 2252 1061 πως
2286 984 2507 1075 γέρων

1027 1085 1340 1181 ὑπῆλθεν
1377 1084 1637 1162 αὐτούς
1687 1084 2096 1181 Ίυνὸάρεως
2131 1088 2356 1181 πυκνῇ
2396 1083 2628 1179 φρενί,

1028 1187 1251 1258 ὃίὸωό
1293 1189 1577 1259 ἑλέσθαι
1611 1189 1921 1283 θυγατρὶ
1960 1187 2387 1285 μνηστήρων
2422 1192 2575 1276 ἕνα,

1029 1291 1200 1361 ὅτου
1239 1291 1452 1361 πνοαὶ
1491 1293 1775 1386 φέροιεν
1806 1291 2237 1388 Ἀφροδίτης
2274 1291 2497 1384 φίλαι,

665 1416 895 1489 neque
934 1394 1523 1479 desiderarentur,
1563 1397 1622 1466 si
1659 1394 2012 1480 abessent,
2053 1417 2281 1487 neque
2319 1396 2678 1488 elegantes
2722 1404 2904 1465 sunt.
2963 1394 3046 1464 Et

667 1500 889 1593 πυκνῇ
927 1498 1131 1594 φρενὶ
1181 1498 1462 1568 Homeri
1498 1500 1765 1592 potiuS‚
1805 1520 2013 1592 quam
2065 1500 2483 1593 tragicorum
2535 1499 2811 1570 videtur
2866 1519 3042 1583 esse,

666 1602 796 1673 etsi
849 1601 1130 1672 πυκινοὶ
1181 1601 1563 1694 prudentes
1617 1603 1786 1673 dicti
1839 1613 1999 1673 sunt
2044 1603 2134 1674 ab
2173 1602 2519 1696 Sophocle
2557 1603 2627 1672 in
2666 1602 3041 1673 Philocteta

543 1722 644 1782 με
666 1728 733 1776 v.
770 1703 942 1775 847.
1032 1705 1238 1775 Plane
1293 1706 1603 1798 ineptum
1642 1716 1874 1777 autem
1912 1716 2020 1777 est
2057 1705 2282 1798 φίλαι,
2325 1728 2453 1800 pro
2490 1727 2628 1798 quo
2665 1707 2748 1791 si,
2786 1707 2889 1776 uti
2925 1704 3047 1777 de-

667 1809 822 1893 het,
864 1808 1030 1878 ὅποι
1067 1808 1421 1893 scribitur,
1463 1811 1688 1905 φρένα
1725 1811 1833 1880 vel
1872 1808 2043 1880 νόον
2082 1810 2247 1903 poni
2286 1810 2671 1904 oportebat.
2758 1809 3042 1881 Omissis

667 1912 775 1983 his
812 1912 1123 1984 versibus
1160 1922 1353 2006 patet
1391 1922 1579 1983 recte
1617 1913 1901 2006 adiungi
1936 1914 2269 2007 potuisse,

1027 2017 1070 2113 ἡ
1111 2017 1173 2087 δ’
1213 2017 1450 2105 εἱλεθ’,
1495 2017 1572 2095 ὅς
1610 2044 1743 2110 σφε
1780 2015 2034 2113 μήποτ’
2078 2016 2334 2110 ὤφελεν
2371 2021 2635 2108 λαβεῖν,

1027 2121 1430 2190 Μενέλαον.

668 2224 780 2293 Sic
833 2222 1007 2293 haec
1055 2222 1237 2293 bene
1292 2223 1693 2294 emendavit
1727 2223 1826 2292 vir
1861 2222 2143 2308 doctus,
2190 2223 2306 2316 qui
2344 2222 2829 2316 Cantabrigiae
2869 2223 3046 2293 hanc

666 2326 1100 2422 tragoediam
1154 2346 1212 2395 a.
1262 2325 1457 2398 4840
1514 2326 1750 2397 edidit.
1839 2326 2412 2398 Commemorabo
2463 2327 2648 2397 enim
2702 2326 2835 2397 hac
2888 2326 3049 2398 data

667 2430 1184 2523 opportunitate
1213 2429 1465 2515 omnia,
1496 2452 1678 2522 quae
1707 2429 1918 2501 hodie
1946 2432 2146 2502 aliter
2172 2432 2243 2500 in
2272 2450 2427 2500 mea
2456 2430 2765 2502 editione
2793 2431 3050 2525 scripta

664 2533 943 2603 vellem.
1030 2533 1195 2603 Mox
1232 2555 1300 2601 v.
1338 2532 1457 2603 77.
1491 2534 1606 2625 qui
1659 2534 1890 2603 multis
1940 2546 2047 2604 est·
2080 2535 2501 2605 coniecturis
2538 2544 2876 2619 tentatuS,
2916 2556 3048 2627 ego

665 2636 949 2730 quidem
999 2636 1346 2728 requiram
1386 2636 1427 2707 ὁ
1465 2636 1535 2707 δὲ
1587 2638 1746 2708 καθ’
1784 2635 2062 2709 Ἑλλάδ’
2105 2636 2486 2735 οἰστρήσας
2520 2636 2756 2731 πόθῳ.
2847 2638 3051 2710 Com-

668 2742 894 2835 parari
943 2749 1173 2834 potest
1218 2739 1582 2811 Menandri
1636 2741 1705 2810 in
1752 2742 2101 2813 Leucadia
2153 2743 2231 2811 fr.
2286 2745 2350 2811 4.
2382 2743 2761 2838 οἰστρῶντι
2808 2740 3041 2834 πόθῳ.

668 2845 957 2914 Versum
1015 2846 1132 2915 83.
1180 2853 1405 2928 recte,
1460 2844 1588 2915 sed
1642 2845 1832 2916 falsis
1889 2844 1980 2915 de
2032 2846 2298 2916 caussis
2349 2845 2720 2916 damnasse
2774 2846 3050 2917 videtur

669 2948 1095 3040 Hartungus:
1151 2946 1316 3016 nihil
1356 2948 1538 3018 enim
1582 2949 1716 3018 nisi
1755 2948 2100 3020 adiectum
2142 2952 2419 3026 πολλοῖς
2455 2949 2716 3020 indicat
2755 2950 3047 3021 molesta

667 3073 827 3123 esse
880 3051 1055 3122 haec
1114 3052 1361 3136 verba,
1412 3057 1652 3130 ἵπποις
1701 3079 1777 3123 τε
1823 3057 2104 3130 πολλοῖς
2155 3050 2470 3146 ἅρμασίν
2517 3054 2572 3122 τ’
2631 3053 3040 3149 ἠσκημένοι.

669 3156 956 3227 Ultimos
1008 3176 1178 3226 vero
1221 3156 1489 3249 prologi
1524 3178 1763 3228 versus
1816 3155 2005 3227 idem
2042 3164 2232 3226 recte
2266 3155 2509 3225 statuit
2544 3156 2634 3226 ab
2671 3156 3047 3250 interpola-

666 3271 818 3330 tore
872 3258 1292 3352 compositos
1339 3280 1534 3343 esse,
1592 3270 1957 3353 postquam
1998 3260 2111 3330 ille
2149 3259 2330 3328 inter
2366 3269 2783 3352 anapaestos
2821 3261 3048 3331 locum

666 3363 955 3455 prologo
993 3364 1481 3454 assignaverat.
1541 3363 1694 3435 Non
1725 3362 2029 3434 debebat
2067 3372 2299 3433 autem
2338 3364 2525 3433 ferre
2548 3363 2595 3432 ἃ
2623 3365 2684 3433 δ’
2718 3364 2804 3433 οὐ
2834 3366 3050 3440 καλῶς

665 3466 880 3555 ἔγνων
931 3462 1105 3554 τότ’,
1159 3460 1374 3543 αὖθις
1422 3464 1852 3560 μεταγράφω
1904 3468 2124 3543 καλῶς
2157 3463 2395 3551 πάλιν,
2453 3468 2525 3536 in
2559 3466 2812 3558 quibus
2848 3466 3048 3536 nimis

667 3569 975 3662 ineptum
1011 3578 1120 3639 est
1154 3568 1318 3640 illud
1359 3569 1578 3644 καλῶς
1604 3565 1839 3639 πάλιν.
1898 3568 2231 3640 Indicium
2266 3569 2817 3663 interpolationis
2846 3591 3049 3664 prae-

667 3673 836 3743 bent
886 3672 1203 3756 codiceS‚
1257 3672 1324 3741 in
1375 3670 1624 3764 quibus
1675 3692 1815 3741 non
1867 3674 2010 3742 κατ’
2050 3669 2400 3768 εὐφρόνης
2449 3671 2678 3763 σκιάν,
2723 3673 2850 3744 sed
2896 3673 3041 3743 κατ’

664 3775 1023 3873 εὐφρόνην
1060 3776 1393 3869 scriptum
1431 3784 1559 3845 est.
1618 3774 1823 3858 Quod
1852 3776 1906 3845 si
1938 3775 2501 3869 interpolatorem
2531 3777 2600 3846 in
2637 3775 3045 3870 refingendo

669 3876 806 3949 fine
844 3880 1113 3973 prologi
1142 3880 1225 3949 iis
1252 3899 1433 3971 quae
1461 3877 1830 3971 Euripides
1867 3879 2240 3973 scripserat
2267 3901 2467 3951 usum
2505 3881 2916 3974 putabimuS‚
2957 3899 3045 3948 ea

670 3981 776 4050 his
817 3984 962 4053 fere
998 3983 1233 4053 verbis
1270 3981 1455 4053 dicta
1493 3981 1707 4052 fuisse
1746 3980 2197 4053 videbantur:

853 4112 858 4123 ‘
1995 4087 2040 4156 ἃ
2078 4088 2144 4158 δ’
2187 4088 2270 4157 οὐ
2306 4087 2529 4164 καλῶς

978 4187 1191 4275 ἔγνων
1226 4184 1401 4271 τότ’,
1445 4183 1662 4265 αὖθις
1698 4189 2125 4283 μεταγράφω
2162 4190 2303 4260 κατ’
2345 4188 2703 4287 εὐφρόνην
2756 4186 2775 4194 ’

975 4295 1046 4366 ἐς
1079 4288 1285 4385 τήνδε
1320 4292 1586 4379 δέλτον,
1628 4292 1719 4387 ἢν
1755 4290 2359 4389 Κλυταιμνήστρᾳ
2395 4290 2634 4388 λάθρᾳ

976 4394 1232 4483 πέμψω
1259 4393 1436 4486 πρὸς
1451 4394 1737 4488 ’Ἁργοςκ
1782 4395 1827 4465 ἃ
1856 4394 1926 4465 δὲ
1954 4397 2279 4466 κέκευθεν
2306 4398 2379 4466 ἐν
2407 4403 2729 4486 πτυχαῖς,

977 4492 1226 4589 φράσω
1263 4498 1568 4589 γέροντι,
1611 4498 1740 4567 τὸν
1775 4493 1928 4568 τάδ’
1968 4503 2280 4570 ἐκπονεῖν
2315 4500 2528 4570 θέλω.

973 4596 1226 4674 πιστὸς
1260 4597 1390 4693 γὰρ
1430 4598 1653 4690 ἀλόχῳ
1693 4605 1844 4678 τοῖς
1879 4602 1935 4672 τ’
1974 4606 2171 4694 ἐμοῖς
2206 4605 2397 4673 ἐστιν
2434 4600 2707 4695 δόμοις.
