<?xml version="1.0" encoding="UTF-8"?>
<!DOCTYPE html PUBLIC "-//W3C//DTD XHTML 1.0 Transitional//EN"
    "http://www.w3.org/TR/xhtml1/DTD/xhtml1-transitional.dtd">
<html xmlns="http://www.w3.org/1999/xhtml" xml:lang="en" lang="en">
 <head>
  <title>
</title>
<meta http-equiv="Content-Type" content="text/html;charset=utf-8" />
  <meta name='ocr-system' content='tesseract 3.04.00' />
  <meta name='ocr-capabilities' content='ocr_page ocr_carea ocr_par ocr_line ocrx_word'/>
</head>
<body>
  <div class='ocr_page' id='page_1' title='image "./godofrediherman02hermgoog/godofrediherman02hermgoog_0359.png"; bbox 0 0 3328 5326; ppageno 0'>
   <div class='ocr_carea' id='block_1_1' title="bbox 1161 405 2577 472">
    <p class='ocr_par' dir='ltr' id='par_1_1' title="bbox 1161 405 2577 472">
     <span class='ocr_line' id='line_1_1' title="bbox 1161 405 2577 472; baseline 0.002 -3"><span class='ocrx_word' id='word_1_1' title='bbox 1161 405 1664 471; x_wconf 76' lang='lat' dir='ltr'>TflEocmTUS.</span> <span class='ocrx_word' id='word_1_2' title='bbox 2461 411 2577 472; x_wconf 72' lang='lat'>34⁴</span> 
     </span>
    </p>
   </div>
   <div class='ocr_carea' id='block_1_2' title="bbox 229 597 2789 4704">
    <p class='ocr_par' dir='ltr' id='par_1_2' title="bbox 434 597 2207 696">
     <span class='ocr_line' id='line_1_2' title="bbox 434 597 2207 696; baseline 0.002 -28"><span class='ocrx_word' id='word_1_3' title='bbox 434 603 676 687; x_wconf 76' lang='grc' dir='ltr'><strong><em>χαῖται</em></strong></span> <span class='ocrx_word' id='word_1_4' title='bbox 711 601 774 669; x_wconf 78' lang='grc' dir='ltr'>δ’</span> <span class='ocrx_word' id='word_1_5' title='bbox 816 598 936 670; x_wconf 84' lang='grc' dir='ltr'><strong><em>οἶα</em></strong></span> <span class='ocrx_word' id='word_1_6' title='bbox 974 597 1205 671; x_wconf 74' lang='grc' dir='ltr'><strong><em>σέλινα</em></strong></span> <span class='ocrx_word' id='word_1_7' title='bbox 1240 601 1396 696; x_wconf 79' lang='grc' dir='ltr'><strong><em>περὶ</em></strong></span> <span class='ocrx_word' id='word_1_8' title='bbox 1431 598 1859 696; x_wconf 71' lang='grc' dir='ltr'><strong><em>κροτάφοισι</em></strong></span> <span class='ocrx_word' id='word_1_9' title='bbox 1892 600 2207 690; x_wconf 77' lang='grc' dir='ltr'><strong><em>κέχυντο,</em></strong></span> 
     </span>
    </p>

    <p class='ocr_par' dir='ltr' id='par_1_3' title="bbox 433 700 2408 801">
     <span class='ocr_line' id='line_1_3' title="bbox 433 700 2408 801; baseline 0.002 -31"><span class='ocrx_word' id='word_1_10' title='bbox 433 702 528 778; x_wconf 80' lang='grc' dir='ltr'>ὠς</span> <span class='ocrx_word' id='word_1_11' title='bbox 562 700 801 778; x_wconf 70' lang='grc' dir='ltr'><strong><em>κισσὸς</em></strong></span> <span class='ocrx_word' id='word_1_12' title='bbox 834 700 1001 773; x_wconf 87' lang='grc' dir='ltr'><strong><em>ποτὶ</em></strong></span> <span class='ocrx_word' id='word_1_13' title='bbox 1038 703 1376 798; x_wconf 76' lang='grc' dir='ltr'><strong><em>πρέμνον,</em></strong></span> <span class='ocrx_word' id='word_1_14' title='bbox 1416 702 1595 794; x_wconf 78' lang='grc' dir='ltr'><strong><em>ἐμὰν</em></strong></span> <span class='ocrx_word' id='word_1_15' title='bbox 1632 706 1694 773; x_wconf 76' lang='grc' dir='ltr'>δ’</span> <span class='ocrx_word' id='word_1_16' title='bbox 1735 701 2073 788; x_wconf 55' lang='lat' dir='ltr'>suffragor</span> <span class='ocrx_word' id='word_1_17' title='bbox 2109 701 2408 801; x_wconf 79' lang='grc' dir='ltr'><strong><em>ὑπήναν·</em></strong></span> 
     </span>
    </p>

    <p class='ocr_par' dir='ltr' id='par_1_4' title="bbox 429 802 2432 901">
     <span class='ocr_line' id='line_1_4' title="bbox 429 802 2432 901; baseline 0.002 -29"><span class='ocrx_word' id='word_1_18' title='bbox 429 803 546 873; x_wconf 78' lang='grc' dir='ltr'>καὶ</span> <span class='ocrx_word' id='word_1_19' title='bbox 581 802 822 875; x_wconf 76' lang='grc' dir='ltr'><strong><em>λευκὸν</em></strong></span> <span class='ocrx_word' id='word_1_20' title='bbox 855 803 941 876; x_wconf 73' lang='grc' dir='ltr'>τὸ</span> <span class='ocrx_word' id='word_1_21' title='bbox 979 804 1306 897; x_wconf 71' lang='grc' dir='ltr'><strong><em>μέτωπον</em></strong></span> <span class='ocrx_word' id='word_1_22' title='bbox 1342 808 1438 877; x_wconf 81' lang='grc' dir='ltr'>ἐπ’</span> <span class='ocrx_word' id='word_1_23' title='bbox 1480 802 1747 901; x_wconf 77' lang='grc' dir='ltr'><strong><em>ὀφρύσι</em></strong></span> <span class='ocrx_word' id='word_1_24' title='bbox 1780 804 2010 898; x_wconf 71' lang='grc' dir='ltr'><strong><em>λάμπε</em></strong></span> <span class='ocrx_word' id='word_1_25' title='bbox 2043 805 2432 898; x_wconf 70' lang='grc' dir='ltr'><em>μελαίναις,</em></span> 
     </span>
    </p>

    <p class='ocr_par' dir='ltr' id='par_1_5' title="bbox 434 905 2349 1004">
     <span class='ocr_line' id='line_1_5' title="bbox 434 905 2349 1004; baseline 0.002 -28"><span class='ocrx_word' id='word_1_26' title='bbox 434 905 729 998; x_wconf 79' lang='grc' dir='ltr'><strong><em>ὄμματα</em></strong></span> <span class='ocrx_word' id='word_1_27' title='bbox 763 907 837 979; x_wconf 73' lang='grc' dir='ltr'>δὲ</span> <span class='ocrx_word' id='word_1_28' title='bbox 868 908 1165 998; x_wconf 73' lang='grc' dir='ltr'><strong><em>γλαυκᾶς</em></strong></span> <span class='ocrx_word' id='word_1_29' title='bbox 1198 906 1657 1004; x_wconf 69' lang='grc' dir='ltr'><strong><em>χαροπῶτερα</em></strong></span> <span class='ocrx_word' id='word_1_30' title='bbox 1692 909 1973 984; x_wconf 64' lang='grc' dir='ltr'><strong><em>λεῦσσεν</em></strong></span> <span class='ocrx_word' id='word_1_31' title='bbox 2003 905 2349 987; x_wconf 78' lang='grc' dir='ltr'><em>Ἀθάνας·</em></span> 
     </span>
    </p>

    <p class='ocr_par' dir='ltr' id='par_1_6' title="bbox 433 1004 2439 1106">
     <span class='ocr_line' id='line_1_6' title="bbox 433 1004 2439 1106; baseline 0.002 -27"><span class='ocrx_word' id='word_1_32' title='bbox 433 1007 517 1078; x_wconf 87' lang='grc' dir='ltr'>τὸ</span> <span class='ocrx_word' id='word_1_33' title='bbox 548 1004 780 1103; x_wconf 84' lang='grc' dir='ltr'><strong><em>στόμα</em></strong></span> <span class='ocrx_word' id='word_1_34' title='bbox 806 1012 872 1081; x_wconf 76' lang='grc' dir='ltr'>δ’</span> <span class='ocrx_word' id='word_1_35' title='bbox 902 1006 948 1106; x_wconf 82' lang='grc' dir='ltr'><em>ἦ</em></span> <span class='ocrx_word' id='word_1_36' title='bbox 958 1037 989 1089; x_wconf 88' lang='grc' dir='ltr'><strong><em>ς</em></strong></span> <span class='ocrx_word' id='word_1_37' title='bbox 1015 1012 1283 1088; x_wconf 76' lang='grc' dir='ltr'><strong><em>πακτᾶς</em></strong></span> <span class='ocrx_word' id='word_1_38' title='bbox 1307 1006 1832 1106; x_wconf 70' lang='grc' dir='ltr'><strong><em>μαλακώτερον,</em></strong></span> <span class='ocrx_word' id='word_1_39' title='bbox 1866 1016 1941 1082; x_wconf 75' lang='grc' dir='ltr'>ἐκ</span> <span class='ocrx_word' id='word_1_40' title='bbox 1970 1006 2326 1103; x_wconf 81' lang='grc' dir='ltr'><strong><em>στόματος</em></strong></span> <span class='ocrx_word' id='word_1_41' title='bbox 2368 1012 2439 1084; x_wconf 76' lang='grc' dir='ltr'>δὲ</span> 
     </span>
    </p>

    <p class='ocr_par' dir='ltr' id='par_1_7' title="bbox 429 1105 2043 1211">
     <span class='ocr_line' id='line_1_7' title="bbox 429 1105 2043 1211; baseline 0.002 -29"><span class='ocrx_word' id='word_1_42' title='bbox 429 1113 626 1207; x_wconf 78' lang='grc' dir='ltr'><strong><em>ἕρρεέ</em></strong></span> <span class='ocrx_word' id='word_1_43' title='bbox 651 1139 782 1205; x_wconf 85' lang='grc' dir='ltr'>μοι</span> <span class='ocrx_word' id='word_1_44' title='bbox 816 1113 1019 1207; x_wconf 82' lang='grc' dir='ltr'><strong><em>φωνὰ</em></strong></span> <span class='ocrx_word' id='word_1_45' title='bbox 1051 1105 1519 1210; x_wconf 75' lang='grc' dir='ltr'><strong><em>γλυκερὼτέρα</em></strong></span> <span class='ocrx_word' id='word_1_46' title='bbox 1551 1113 1596 1209; x_wconf 85' lang='grc' dir='ltr'><em>ἢ</em></span> <span class='ocrx_word' id='word_1_47' title='bbox 1632 1117 1792 1206; x_wconf 81' lang='grc' dir='ltr'><strong><em>μέλι</em></strong></span> <span class='ocrx_word' id='word_1_48' title='bbox 1825 1115 2043 1211; x_wconf 69' lang='grc' dir='ltr'>καρῶ.</span> 
     </span>
    </p>

    <p class='ocr_par' dir='ltr' id='par_1_8' title="bbox 240 1216 2597 1412">
     <span class='ocr_line' id='line_1_8' title="bbox 240 1216 2597 1313; baseline 0.001 -26"><span class='ocrx_word' id='word_1_49' title='bbox 240 1216 367 1287; x_wconf 85' lang='lat' dir='ltr'>Sed</span> <span class='ocrx_word' id='word_1_50' title='bbox 405 1237 496 1285; x_wconf 92' lang='lat' dir='ltr'>ne</span> <span class='ocrx_word' id='word_1_51' title='bbox 533 1216 686 1308; x_wconf 86' lang='lat' dir='ltr'>quis</span> <span class='ocrx_word' id='word_1_52' title='bbox 724 1217 1004 1288; x_wconf 72' lang='lat' dir='ltr'>obstare</span> <span class='ocrx_word' id='word_1_53' title='bbox 1040 1217 1133 1287; x_wconf 89' lang='lat' dir='ltr'>illi</span> <span class='ocrx_word' id='word_1_54' title='bbox 1169 1237 1374 1309; x_wconf 86' lang='lat' dir='ltr'>quam</span> <span class='ocrx_word' id='word_1_55' title='bbox 1422 1216 1723 1288; x_wconf 82' lang='lat' dir='ltr'>indicavi</span> <span class='ocrx_word' id='word_1_56' title='bbox 1770 1217 2213 1311; x_wconf 73' lang='lat' dir='ltr'>stnopharum</span> <span class='ocrx_word' id='word_1_57' title='bbox 2267 1218 2597 1313; x_wconf 83' lang='lat' dir='ltr'>designa-</span> 
     </span>
     <span class='ocr_line' id='line_1_9' title="bbox 240 1318 2494 1412; baseline 0.002 -23"><span class='ocrx_word' id='word_1_58' title='bbox 240 1320 393 1390; x_wconf 83' lang='lat' dir='ltr'>tioni</span> <span class='ocrx_word' id='word_1_59' title='bbox 431 1328 652 1412; x_wconf 82' lang='lat' dir='ltr'>putet,</span> <span class='ocrx_word' id='word_1_60' title='bbox 692 1318 880 1412; x_wconf 89' lang='lat' dir='ltr'>quod</span> <span class='ocrx_word' id='word_1_61' title='bbox 917 1339 1196 1392; x_wconf 85' lang='lat' dir='ltr'>versum</span> <span class='ocrx_word' id='word_1_62' title='bbox 1238 1321 1354 1392; x_wconf 81' lang='lat'>33.</span> <span class='ocrx_word' id='word_1_63' title='bbox 1389 1342 1527 1391; x_wconf 85' lang='lat' dir='ltr'>non</span> <span class='ocrx_word' id='word_1_64' title='bbox 1565 1342 1725 1392; x_wconf 88' lang='lat' dir='ltr'>cum</span> <span class='ocrx_word' id='word_1_65' title='bbox 1761 1319 2107 1392; x_wconf 85' lang='lat' dir='ltr'>Meinekio</span> <span class='ocrx_word' id='word_1_66' title='bbox 2142 1322 2494 1407; x_wconf 77' lang='lat' dir='ltr'>damnavi,</span> 
     </span>
    </p>

    <p class='ocr_par' dir='ltr' id='par_1_9' title="bbox 231 1416 2649 2229">
     <span class='ocr_line' id='line_1_10' title="bbox 437 1416 2161 1519; baseline 0.003 -28"><span class='ocrx_word' id='word_1_67' title='bbox 437 1422 534 1499; x_wconf 68' lang='grc' dir='ltr'>ὥς</span> <span class='ocrx_word' id='word_1_68' title='bbox 565 1422 771 1500; x_wconf 77' lang='grc' dir='ltr'><strong><em>καλὸς</em></strong></span> <span class='ocrx_word' id='word_1_69' title='bbox 807 1416 1163 1501; x_wconf 80' lang='grc' dir='ltr'><strong><em>Διόνυσος</em></strong></span> <span class='ocrx_word' id='word_1_70' title='bbox 1193 1427 1276 1494; x_wconf 78' lang='grc' dir='ltr'><strong><em>ἐν</em></strong></span> <span class='ocrx_word' id='word_1_71' title='bbox 1308 1423 1541 1513; x_wconf 67' lang='grc' dir='ltr'><strong><em>ἄγκεσι</em></strong></span> <span class='ocrx_word' id='word_1_72' title='bbox 1575 1424 1829 1519; x_wconf 78' lang='grc' dir='ltr'><strong><em>πόρτιν</em></strong></span> <span class='ocrx_word' id='word_1_73' title='bbox 1863 1422 2161 1509; x_wconf 57' lang='grc' dir='ltr'><strong><em>ἐλαύνοι,</em></strong></span> 
     </span>
     <span class='ocr_line' id='line_1_11' title="bbox 236 1526 2592 1613; baseline 0.002 -18"><span class='ocrx_word' id='word_1_74' title='bbox 236 1545 480 1598; x_wconf 79' lang='lat' dir='ltr'>moneo</span> <span class='ocrx_word' id='word_1_75' title='bbox 517 1535 781 1598; x_wconf 85' lang='lat' dir='ltr'>tantum</span> <span class='ocrx_word' id='word_1_76' title='bbox 815 1527 1069 1596; x_wconf 80' lang='lat' dir='ltr'>abesse</span> <span class='ocrx_word' id='word_1_77' title='bbox 1105 1537 1182 1598; x_wconf 84' lang='lat' dir='ltr'>ut</span> <span class='ocrx_word' id='word_1_78' title='bbox 1217 1526 1599 1598; x_wconf 87' lang='lat' dir='ltr'>eiiciendus</span> <span class='ocrx_word' id='word_1_79' title='bbox 1637 1528 1726 1597; x_wconf 90' lang='lat' dir='ltr'>sit</span> <span class='ocrx_word' id='word_1_80' title='bbox 1751 1527 1863 1598; x_wconf 89' lang='lat' dir='ltr'>hic</span> <span class='ocrx_word' id='word_1_81' title='bbox 1890 1549 2161 1613; x_wconf 82' lang='lat' dir='ltr'>versus,</span> <span class='ocrx_word' id='word_1_82' title='bbox 2190 1537 2267 1600; x_wconf 87' lang='lat' dir='ltr'>ut</span> <span class='ocrx_word' id='word_1_83' title='bbox 2291 1528 2592 1600; x_wconf 79' lang='lat' dir='ltr'><strong>maxime</strong></span> 
     </span>
     <span class='ocr_line' id='line_1_12' title="bbox 236 1629 2593 1702; baseline 0.001 -3"><span class='ocrx_word' id='word_1_84' title='bbox 236 1631 322 1699; x_wconf 78' lang='lat' dir='ltr'>sit</span> <span class='ocrx_word' id='word_1_85' title='bbox 351 1630 808 1702; x_wconf 83' lang='lat' dir='ltr'>necessarius.</span> <span class='ocrx_word' id='word_1_86' title='bbox 891 1629 1093 1700; x_wconf 87' lang='lat' dir='ltr'>Nullo</span> <span class='ocrx_word' id='word_1_87' title='bbox 1145 1630 1357 1701; x_wconf 88' lang='lat' dir='ltr'>modo</span> <span class='ocrx_word' id='word_1_88' title='bbox 1398 1631 1585 1700; x_wconf 87' lang='lat' dir='ltr'>enim</span> <span class='ocrx_word' id='word_1_89' title='bbox 1619 1631 1690 1700; x_wconf 91' lang='lat' dir='ltr'>in</span> <span class='ocrx_word' id='word_1_90' title='bbox 1730 1631 2385 1702; x_wconf 79' lang='lat' dir='ltr'>commemoratione</span> <span class='ocrx_word' id='word_1_91' title='bbox 2422 1631 2593 1702; x_wconf 86' lang='lat' dir='ltr'>deo·-</span> 
     </span>
     <span class='ocr_line' id='line_1_13' title="bbox 238 1732 2591 1828; baseline 0.002 -27"><span class='ocrx_word' id='word_1_92' title='bbox 238 1755 378 1804; x_wconf 87' lang='lat' dir='ltr'>rum</span> <span class='ocrx_word' id='word_1_93' title='bbox 400 1788 418 1818; x_wconf 89' lang='lat'>‚</span> <span class='ocrx_word' id='word_1_94' title='bbox 471 1733 590 1825; x_wconf 93' lang='lat' dir='ltr'>qui</span> <span class='ocrx_word' id='word_1_95' title='bbox 632 1733 745 1803; x_wconf 86' lang='lat' dir='ltr'>vel</span> <span class='ocrx_word' id='word_1_96' title='bbox 783 1732 913 1826; x_wconf 90' lang='lat' dir='ltr'>ipsi</span> <span class='ocrx_word' id='word_1_97' title='bbox 948 1743 1259 1804; x_wconf 88' lang='lat' dir='ltr'>armenta</span> <span class='ocrx_word' id='word_1_98' title='bbox 1295 1734 1652 1828; x_wconf 79' lang='lat' dir='ltr'><strong>pavissent</strong></span> <span class='ocrx_word' id='word_1_99' title='bbox 1687 1735 1800 1805; x_wconf 87' lang='lat' dir='ltr'>vel</span> <span class='ocrx_word' id='word_1_100' title='bbox 1837 1735 2232 1828; x_wconf 81' lang='lat' dir='ltr'>pastoribus</span> <span class='ocrx_word' id='word_1_101' title='bbox 2268 1734 2591 1806; x_wconf 86' lang='lat' dir='ltr'>delectati</span> 
     </span>
     <span class='ocr_line' id='line_1_14' title="bbox 237 1835 2649 1934; baseline 0.002 -29"><span class='ocrx_word' id='word_1_102' title='bbox 237 1846 489 1921; x_wconf 79' lang='lat' dir='ltr'>essent,</span> <span class='ocrx_word' id='word_1_103' title='bbox 529 1835 889 1929; x_wconf 85' lang='lat' dir='ltr'>praeteriri</span> <span class='ocrx_word' id='word_1_104' title='bbox 926 1836 1147 1929; x_wconf 85' lang='lat' dir='ltr'>potuit</span> <span class='ocrx_word' id='word_1_105' title='bbox 1172 1835 1444 1930; x_wconf 79' lang='lat' dir='ltr'><strong>Apollo,</strong></span> <span class='ocrx_word' id='word_1_106' title='bbox 1483 1847 1815 1930; x_wconf 80' lang='lat' dir='ltr'>recteque</span> <span class='ocrx_word' id='word_1_107' title='bbox 1842 1838 2017 1912; x_wconf 86' lang='lat' dir='ltr'>vidit</span> <span class='ocrx_word' id='word_1_108' title='bbox 2043 1839 2392 1931; x_wconf 75' lang='lat' dir='ltr'>Briggsius</span> <span class='ocrx_word' id='word_1_109' title='bbox 2420 1859 2594 1932; x_wconf 89' lang='lat' dir='ltr'>poe·</span> <span class='ocrx_word' id='word_1_110' title='bbox 2643 1928 2649 1934; x_wconf 15' lang='grc' dir='ltr'><strong>ι</strong></span> 
     </span>
     <span class='ocr_line' id='line_1_15' title="bbox 233 1937 2593 2033; baseline 0.001 -24"><span class='ocrx_word' id='word_1_111' title='bbox 233 1949 366 2009; x_wconf 84' lang='lat' dir='ltr'>tam</span> <span class='ocrx_word' id='word_1_112' title='bbox 402 1938 588 2017; x_wconf 83' lang='grc' dir='ltr'><strong><em>Διὸς</em></strong></span> <span class='ocrx_word' id='word_1_113' title='bbox 620 1937 774 2017; x_wconf 83' lang='grc' dir='ltr'><strong><em>υἱός</em></strong></span> <span class='ocrx_word' id='word_1_114' title='bbox 819 1937 1208 2033; x_wconf 85' lang='lat' dir='ltr'>scripsisse3</span> <span class='ocrx_word' id='word_1_115' title='bbox 1268 1950 1458 2011; x_wconf 84' lang='lat' dir='ltr'>recte</span> <span class='ocrx_word' id='word_1_116' title='bbox 1510 1940 1721 2011; x_wconf 84' lang='lat' dir='ltr'>etiam</span> <span class='ocrx_word' id='word_1_117' title='bbox 1771 1940 2095 2014; x_wconf 83' lang='lat' dir='ltr'>Benleius</span> <span class='ocrx_word' id='word_1_118' title='bbox 2141 1941 2348 2016; x_wconf 82' lang='lat' dir='ltr'>scribi</span> <span class='ocrx_word' id='word_1_119' title='bbox 2399 1941 2593 2013; x_wconf 89' lang='lat' dir='ltr'>iussit</span> 
     </span>
     <span class='ocr_line' id='line_1_16' title="bbox 233 2041 2595 2134; baseline 0.001 -23"><span class='ocrx_word' id='word_1_120' title='bbox 233 2041 533 2113; x_wconf 64' lang='grc' dir='ltr'><strong><em>ἐλαυνεν.</em></strong></span> <span class='ocrx_word' id='word_1_121' title='bbox 620 2042 761 2113; x_wconf 87' lang='lat' dir='ltr'>Sed</span> <span class='ocrx_word' id='word_1_122' title='bbox 805 2043 1233 2134; x_wconf 87' lang='lat' dir='ltr'>reliquerunt</span> <span class='ocrx_word' id='word_1_123' title='bbox 1276 2044 1369 2113; x_wconf 91' lang='lat' dir='ltr'>illi</span> <span class='ocrx_word' id='word_1_124' title='bbox 1407 2043 1589 2116; x_wconf 85' lang='lat' dir='ltr'>aliud</span> <span class='ocrx_word' id='word_1_125' title='bbox 1629 2044 1905 2115; x_wconf 79' lang='lat' dir='ltr'>vitium:</span> <span class='ocrx_word' id='word_1_126' title='bbox 1964 2044 2409 2122; x_wconf 82' lang='lat' dir='ltr'>scribendum</span> <span class='ocrx_word' id='word_1_127' title='bbox 2446 2057 2595 2116; x_wconf 87' lang='lat' dir='ltr'>erat</span> 
     </span>
     <span class='ocr_line' id='line_1_17' title="bbox 231 2145 431 2229; baseline 0.005 -15"><span class='ocrx_word' id='word_1_128' title='bbox 231 2145 431 2229; x_wconf 86' lang='lat' dir='ltr'>enim,</span> 
     </span>
    </p>

    <p class='ocr_par' dir='ltr' id='par_1_10' title="bbox 1523 2249 2183 2321">
     <span class='ocr_line' id='line_1_18' title="bbox 1523 2249 2183 2321; baseline 0.005 -3"><span class='ocrx_word' id='word_1_129' title='bbox 1523 2279 1542 2284; x_wconf 87' lang='grc'>-</span> <span class='ocrx_word' id='word_1_130' title='bbox 1581 2249 1708 2319; x_wconf 80' lang='grc' dir='ltr'><strong><em>κοῦ</em></strong></span> <span class='ocrx_word' id='word_1_131' title='bbox 1744 2252 1894 2320; x_wconf 82' lang='grc' dir='ltr'><strong><em>ποτ’</em></strong></span> <span class='ocrx_word' id='word_1_132' title='bbox 1936 2250 2183 2321; x_wconf 78' lang='grc' dir='ltr'><strong><em>ἄκουεν</em></strong></span> 
     </span>
    </p>

    <p class='ocr_par' dir='ltr' id='par_1_11' title="bbox 229 2348 2599 3055">
     <span class='ocr_line' id='line_1_19' title="bbox 435 2348 2280 2447; baseline 0.002 -26"><span class='ocrx_word' id='word_1_133' title='bbox 435 2351 529 2429; x_wconf 80' lang='grc' dir='ltr'>ὠς</span> <span class='ocrx_word' id='word_1_134' title='bbox 565 2350 604 2421; x_wconf 89' lang='grc' dir='ltr'>ὁ</span> <span class='ocrx_word' id='word_1_135' title='bbox 640 2349 843 2428; x_wconf 83' lang='grc' dir='ltr'><strong><em>καλὸς</em></strong></span> <span class='ocrx_word' id='word_1_136' title='bbox 880 2352 1059 2428; x_wconf 85' lang='grc' dir='ltr'><strong><em>Διὸς</em></strong></span> <span class='ocrx_word' id='word_1_137' title='bbox 1094 2350 1245 2440; x_wconf 74' lang='grc' dir='ltr'><strong><em>υἱὸς</em></strong></span> <span class='ocrx_word' id='word_1_138' title='bbox 1280 2356 1354 2422; x_wconf 83' lang='grc' dir='ltr'><strong><em>ἐν</em></strong></span> <span class='ocrx_word' id='word_1_139' title='bbox 1391 2350 1624 2443; x_wconf 60' lang='lat' dir='ltr'>&amp;ruem</span> <span class='ocrx_word' id='word_1_140' title='bbox 1674 2348 1929 2447; x_wconf 80' lang='grc' dir='ltr'><strong><em>πόρτιν</em></strong></span> <span class='ocrx_word' id='word_1_141' title='bbox 1976 2353 2280 2426; x_wconf 76' lang='grc' dir='ltr'><strong><em>ἔλαυνεν.</em></strong></span> 
     </span>
     <span class='ocr_line' id='line_1_20' title="bbox 234 2453 2594 2551; baseline 0.002 -28"><span class='ocrx_word' id='word_1_142' title='bbox 234 2454 753 2525; x_wconf 79' lang='lat' dir='ltr'>inconsiderate</span> <span class='ocrx_word' id='word_1_143' title='bbox 792 2455 974 2524; x_wconf 88' lang='lat' dir='ltr'>enim</span> <span class='ocrx_word' id='word_1_144' title='bbox 1013 2454 1250 2525; x_wconf 86' lang='lat' dir='ltr'>doceri</span> <span class='ocrx_word' id='word_1_145' title='bbox 1287 2456 1464 2526; x_wconf 85' lang='lat' dir='ltr'>solet</span> <span class='ocrx_word' id='word_1_146' title='bbox 1497 2453 1703 2532; x_wconf 81' lang='grc' dir='ltr'><strong><em>καλὸς</em></strong></span> <span class='ocrx_word' id='word_1_147' title='bbox 1738 2456 1958 2549; x_wconf 90' lang='lat' dir='ltr'>prima</span> <span class='ocrx_word' id='word_1_148' title='bbox 1995 2458 2258 2550; x_wconf 79' lang='lat' dir='ltr'>syllaba</span> <span class='ocrx_word' id='word_1_149' title='bbox 2296 2458 2594 2551; x_wconf 79' lang='lat' dir='ltr'>ancipite</span> 
     </span>
     <span class='ocr_line' id='line_1_21' title="bbox 231 2557 2593 2655; baseline 0.002 -29"><span class='ocrx_word' id='word_1_150' title='bbox 231 2557 489 2629; x_wconf 82' lang='lat' dir='ltr'>dixisse</span> <span class='ocrx_word' id='word_1_151' title='bbox 525 2558 936 2643; x_wconf 85' lang='lat' dir='ltr'>DorienseS,</span> <span class='ocrx_word' id='word_1_152' title='bbox 990 2567 1066 2629; x_wconf 93' lang='lat' dir='ltr'>ut</span> <span class='ocrx_word' id='word_1_153' title='bbox 1113 2558 1183 2627; x_wconf 89' lang='lat' dir='ltr'>in</span> <span class='ocrx_word' id='word_1_154' title='bbox 1219 2558 1334 2629; x_wconf 91' lang='lat' dir='ltr'>illo</span> <span class='ocrx_word' id='word_1_155' title='bbox 1377 2557 1761 2643; x_wconf 75' lang='lat' dir='ltr'>Theocriti,</span> <span class='ocrx_word' id='word_1_156' title='bbox 1802 2559 1891 2630; x_wconf 80' lang='grc' dir='ltr'>τὰ</span> <span class='ocrx_word' id='word_1_157' title='bbox 1925 2560 2022 2655; x_wconf 80' lang='grc' dir='ltr'>μὴ</span> <span class='ocrx_word' id='word_1_158' title='bbox 2062 2560 2234 2631; x_wconf 83' lang='grc' dir='ltr'><strong><em>καλὰ</em></strong></span> <span class='ocrx_word' id='word_1_159' title='bbox 2269 2560 2442 2633; x_wconf 82' lang='grc' dir='ltr'><strong><em>καλὰ</em></strong></span> <span class='ocrx_word' id='word_1_160' title='bbox 2478 2562 2593 2631; x_wconf 79' lang='grc' dir='ltr'>πέ-</span> 
     </span>
     <span class='ocr_line' id='line_1_22' title="bbox 233 2655 2589 2756; baseline 0.001 -24"><span class='ocrx_word' id='word_1_161' title='bbox 233 2689 519 2754; x_wconf 84' lang='grc' dir='ltr'><strong><em>φανται.</em></strong></span> <span class='ocrx_word' id='word_1_162' title='bbox 608 2661 762 2733; x_wconf 87' lang='lat' dir='ltr'>Non</span> <span class='ocrx_word' id='word_1_163' title='bbox 808 2660 1202 2756; x_wconf 89' lang='lat' dir='ltr'>producunt</span> <span class='ocrx_word' id='word_1_164' title='bbox 1250 2662 1433 2733; x_wconf 90' lang='lat' dir='ltr'>enim</span> <span class='ocrx_word' id='word_1_165' title='bbox 1481 2655 1773 2756; x_wconf 88' lang='lat' dir='ltr'>primam</span> <span class='ocrx_word' id='word_1_166' title='bbox 1812 2663 2112 2736; x_wconf 83' lang='lat' dir='ltr'>bucolici</span> <span class='ocrx_word' id='word_1_167' title='bbox 2148 2665 2281 2736; x_wconf 91' lang='lat' dir='ltr'>nisi</span> <span class='ocrx_word' id='word_1_168' title='bbox 2320 2665 2384 2735; x_wconf 89' lang='lat' dir='ltr'>in</span> <span class='ocrx_word' id='word_1_169' title='bbox 2425 2666 2589 2736; x_wconf 88' lang='lat' dir='ltr'>arsi:</span> 
     </span>
     <span class='ocr_line' id='line_1_23' title="bbox 231 2767 2599 2860; baseline 0.001 -23"><span class='ocrx_word' id='word_1_170' title='bbox 231 2787 443 2856; x_wconf 88' lang='lat' dir='ltr'>quare</span> <span class='ocrx_word' id='word_1_171' title='bbox 498 2767 708 2836; x_wconf 80' lang='lat' dir='ltr'>etiam</span> <span class='ocrx_word' id='word_1_172' title='bbox 758 2788 824 2836; x_wconf 91' lang='lat' dir='ltr'>v.</span> <span class='ocrx_word' id='word_1_173' title='bbox 874 2769 992 2837; x_wconf 88' lang='lat'>30.</span> <span class='ocrx_word' id='word_1_174' title='bbox 1037 2788 1180 2836; x_wconf 90' lang='lat' dir='ltr'>non</span> <span class='ocrx_word' id='word_1_175' title='bbox 1230 2789 1387 2838; x_wconf 91' lang='lat' dir='ltr'>cum</span> <span class='ocrx_word' id='word_1_176' title='bbox 1439 2767 1787 2837; x_wconf 84' lang='lat' dir='ltr'>Brunckio</span> <span class='ocrx_word' id='word_1_177' title='bbox 1834 2768 1948 2838; x_wconf 85' lang='grc' dir='ltr'>καὶ</span> <span class='ocrx_word' id='word_1_178' title='bbox 2000 2769 2224 2839; x_wconf 82' lang='grc' dir='ltr'><strong><em>πᾶσαι</em></strong></span> <span class='ocrx_word' id='word_1_179' title='bbox 2263 2796 2354 2860; x_wconf 81' lang='grc' dir='ltr'>με</span> <span class='ocrx_word' id='word_1_180' title='bbox 2387 2767 2599 2840; x_wconf 83' lang='grc' dir='ltr'><strong><em>καλὸν</em></strong></span> 
     </span>
     <span class='ocr_line' id='line_1_24' title="bbox 229 2867 2599 2966; baseline 0.002 -29"><span class='ocrx_word' id='word_1_181' title='bbox 229 2868 401 2939; x_wconf 82' lang='grc' dir='ltr'><strong><em>κατὰ</em></strong></span> <span class='ocrx_word' id='word_1_182' title='bbox 454 2867 683 2964; x_wconf 77' lang='grc' dir='ltr'><strong><em>τῶρεα</em></strong></span> <span class='ocrx_word' id='word_1_183' title='bbox 733 2868 1181 2940; x_wconf 90' lang='lat' dir='ltr'>scribendum</span> <span class='ocrx_word' id='word_1_184' title='bbox 1233 2880 1374 2954; x_wconf 83' lang='lat' dir='ltr'>est,</span> <span class='ocrx_word' id='word_1_185' title='bbox 1427 2869 1613 2961; x_wconf 91' lang='lat' dir='ltr'>quod</span> <span class='ocrx_word' id='word_1_186' title='bbox 1667 2892 1943 2963; x_wconf 78' lang='lat' dir='ltr'>semper</span> <span class='ocrx_word' id='word_1_187' title='bbox 1995 2872 2137 2941; x_wconf 81' lang='grc' dir='ltr'><strong><em>κατ’</em></strong></span> <span class='ocrx_word' id='word_1_188' title='bbox 2193 2870 2372 2966; x_wconf 69' lang='grc' dir='ltr'><strong><em>ὥρια</em></strong></span> <span class='ocrx_word' id='word_1_189' title='bbox 2426 2871 2599 2942; x_wconf 90' lang='lat' dir='ltr'>dici-</span> 
     </span>
     <span class='ocr_line' id='line_1_25' title="bbox 231 2972 1878 3055; baseline 0.003 -15"><span class='ocrx_word' id='word_1_190' title='bbox 231 2980 357 3055; x_wconf 82' lang='lat' dir='ltr'>tur,</span> <span class='ocrx_word' id='word_1_191' title='bbox 398 2972 529 3043; x_wconf 89' lang='lat' dir='ltr'>sed</span> <span class='ocrx_word' id='word_1_192' title='bbox 1857 2979 1878 2998; x_wconf 78' lang='lat'>⁸</span> 
     </span>
    </p>

    <p class='ocr_par' dir='ltr' id='par_1_12' title="bbox 428 3071 2300 3170">
     <span class='ocr_line' id='line_1_26' title="bbox 428 3071 2300 3170; baseline 0 -25"><span class='ocrx_word' id='word_1_193' title='bbox 428 3074 545 3145; x_wconf 81' lang='grc' dir='ltr'>καὶ</span> <span class='ocrx_word' id='word_1_194' title='bbox 580 3074 804 3146; x_wconf 81' lang='grc' dir='ltr'><strong><em>πᾶσαι</em></strong></span> <span class='ocrx_word' id='word_1_195' title='bbox 839 3074 912 3146; x_wconf 81' lang='grc' dir='ltr'>δὲ</span> <span class='ocrx_word' id='word_1_196' title='bbox 946 3071 1157 3146; x_wconf 84' lang='grc' dir='ltr'><strong><em>καλόν</em></strong></span> <span class='ocrx_word' id='word_1_197' title='bbox 1191 3101 1281 3165; x_wconf 78' lang='grc' dir='ltr'>με</span> <span class='ocrx_word' id='word_1_198' title='bbox 1314 3075 1458 3144; x_wconf 69' lang='grc' dir='ltr'><strong><em>κατ’</em></strong></span> <span class='ocrx_word' id='word_1_199' title='bbox 1497 3074 1681 3170; x_wconf 78' lang='grc' dir='ltr'><strong><em>ὥρεα</em></strong></span> <span class='ocrx_word' id='word_1_200' title='bbox 1716 3077 1931 3169; x_wconf 83' lang='grc' dir='ltr'><strong><em>φαντὶ</em></strong></span> <span class='ocrx_word' id='word_1_201' title='bbox 1966 3081 2300 3166; x_wconf 79' lang='grc' dir='ltr'><strong><em>γυναῖκες.</em></strong></span> 
     </span>
    </p>

    <p class='ocr_par' dir='ltr' id='par_1_13' title="bbox 231 3174 2595 3378">
     <span class='ocr_line' id='line_1_27' title="bbox 231 3174 2595 3271; baseline 0.001 -26"><span class='ocrx_word' id='word_1_202' title='bbox 231 3174 430 3271; x_wconf 89' lang='lat' dir='ltr'>Apud</span> <span class='ocrx_word' id='word_1_203' title='bbox 469 3178 757 3249; x_wconf 89' lang='lat' dir='ltr'>Bionem</span> <span class='ocrx_word' id='word_1_204' title='bbox 794 3179 841 3250; x_wconf 93' lang='lat' dir='ltr'>I.</span> <span class='ocrx_word' id='word_1_205' title='bbox 877 3176 922 3249; x_wconf 89' lang='lat'><strong>7</strong></span> <span class='ocrx_word' id='word_1_206' title='bbox 929 3178 994 3250; x_wconf 86' lang='lat'>7.</span> <span class='ocrx_word' id='word_1_207' title='bbox 1028 3177 1212 3250; x_wconf 88' lang='lat' dir='ltr'>stulti</span> <span class='ocrx_word' id='word_1_208' title='bbox 1254 3179 1670 3249; x_wconf 87' lang='lat' dir='ltr'>correctoris</span> <span class='ocrx_word' id='word_1_209' title='bbox 1707 3189 1835 3264; x_wconf 83' lang='lat' dir='ltr'>est,</span> <span class='ocrx_word' id='word_1_210' title='bbox 1867 3179 2056 3270; x_wconf 91' lang='lat' dir='ltr'>quod</span> <span class='ocrx_word' id='word_1_211' title='bbox 2082 3179 2149 3248; x_wconf 90' lang='lat' dir='ltr'>in</span> <span class='ocrx_word' id='word_1_212' title='bbox 2179 3178 2595 3271; x_wconf 88' lang='lat' dir='ltr'>quibusdam</span> 
     </span>
     <span class='ocr_line' id='line_1_28' title="bbox 231 3280 1972 3378; baseline 0.003 -32"><span class='ocrx_word' id='word_1_213' title='bbox 231 3280 420 3353; x_wconf 90' lang='lat' dir='ltr'>libris</span> <span class='ocrx_word' id='word_1_214' title='bbox 458 3282 731 3375; x_wconf 79' lang='lat' dir='ltr'>legitur,</span> <span class='ocrx_word' id='word_1_215' title='bbox 770 3287 968 3378; x_wconf 81' lang='grc' dir='ltr'><strong><em>ῥαῖνε</em></strong></span> <span class='ocrx_word' id='word_1_216' title='bbox 1003 3283 1083 3354; x_wconf 77' lang='grc' dir='ltr'>δέ</span> <span class='ocrx_word' id='word_1_217' title='bbox 1109 3307 1238 3372; x_wconf 88' lang='grc' dir='ltr'>μιν</span> <span class='ocrx_word' id='word_1_218' title='bbox 1272 3284 1585 3353; x_wconf 82' lang='grc' dir='ltr'><strong><em>καλοῖσιν</em></strong></span> <span class='ocrx_word' id='word_1_219' title='bbox 1621 3281 1972 3375; x_wconf 76' lang='grc' dir='ltr'><strong><em>ἀλείφασι.</em></strong></span> 
     </span>
    </p>

    <p class='ocr_par' dir='ltr' id='par_1_14' title="bbox 229 3383 2789 4203">
     <span class='ocr_line' id='line_1_29' title="bbox 432 3383 2789 3478; baseline -0.001 -24"><span class='ocrx_word' id='word_1_220' title='bbox 432 3383 794 3456; x_wconf 87' lang='lat' dir='ltr'>Difficilius</span> <span class='ocrx_word' id='word_1_221' title='bbox 848 3395 956 3456; x_wconf 86' lang='lat' dir='ltr'>est</span> <span class='ocrx_word' id='word_1_222' title='bbox 1006 3384 1177 3456; x_wconf 80' lang='lat' dir='ltr'>certi</span> <span class='ocrx_word' id='word_1_223' title='bbox 1223 3384 1394 3477; x_wconf 91' lang='lat' dir='ltr'>quid</span> <span class='ocrx_word' id='word_1_224' title='bbox 1446 3384 1696 3455; x_wconf 84' lang='lat' dir='ltr'>afferre</span> <span class='ocrx_word' id='word_1_225' title='bbox 1749 3385 1839 3456; x_wconf 92' lang='lat' dir='ltr'>de</span> <span class='ocrx_word' id='word_1_226' title='bbox 1890 3384 2127 3478; x_wconf 85' lang='lat' dir='ltr'>idyllio</span> <span class='ocrx_word' id='word_1_227' title='bbox 2179 3386 2597 3457; x_wconf 86' lang='lat' dir='ltr'>vicesimo</span> <span class='ocrx_word' id='word_1_228' title='bbox 2617 3401 2789 3453; x_wconf 79' lang='lat' dir='ltr'><strong>xxvl</strong></span> 
     </span>
     <span class='ocr_line' id='line_1_30' title="bbox 229 3488 2600 3583; baseline 0.002 -26"><span class='ocrx_word' id='word_1_229' title='bbox 229 3498 491 3560; x_wconf 85' lang='lat' dir='ltr'>sexto</span> <span class='ocrx_word' id='word_1_230' title='bbox 512 3544 529 3574; x_wconf 83' lang='lat'>‚</span> <span class='ocrx_word' id='word_1_231' title='bbox 570 3489 733 3581; x_wconf 89' lang='lat' dir='ltr'>quia</span> <span class='ocrx_word' id='word_1_232' title='bbox 768 3499 839 3559; x_wconf 86' lang='lat' dir='ltr'>et</span> <span class='ocrx_word' id='word_1_233' title='bbox 874 3489 1201 3582; x_wconf 76' lang='lat' dir='ltr'>strophae</span> <span class='ocrx_word' id='word_1_234' title='bbox 1238 3510 1380 3559; x_wconf 91' lang='lat' dir='ltr'>non</span> <span class='ocrx_word' id='word_1_235' title='bbox 1417 3510 1557 3560; x_wconf 91' lang='lat' dir='ltr'>uno</span> <span class='ocrx_word' id='word_1_236' title='bbox 1592 3488 1805 3559; x_wconf 91' lang='lat' dir='ltr'>modo</span> <span class='ocrx_word' id='word_1_237' title='bbox 1834 3489 2156 3561; x_wconf 87' lang='lat' dir='ltr'>constitui</span> <span class='ocrx_word' id='word_1_238' title='bbox 2184 3499 2498 3583; x_wconf 85' lang='lat' dir='ltr'>possunt,</span> <span class='ocrx_word' id='word_1_239' title='bbox 2530 3501 2600 3561; x_wconf 90' lang='lat' dir='ltr'>et</span> 
     </span>
     <span class='ocr_line' id='line_1_31' title="bbox 231 3588 2600 3686; baseline 0.003 -28"><span class='ocrx_word' id='word_1_240' title='bbox 231 3588 386 3662; x_wconf 90' lang='lat' dir='ltr'>finis</span> <span class='ocrx_word' id='word_1_241' title='bbox 438 3591 760 3663; x_wconf 83' lang='lat' dir='ltr'>carminis</span> <span class='ocrx_word' id='word_1_242' title='bbox 810 3592 1141 3686; x_wconf 79' lang='lat' dir='ltr'>hymnum</span> <span class='ocrx_word' id='word_1_243' title='bbox 1193 3592 1264 3661; x_wconf 93' lang='lat' dir='ltr'>in</span> <span class='ocrx_word' id='word_1_244' title='bbox 1314 3591 1668 3663; x_wconf 88' lang='lat' dir='ltr'>Bacchum</span> <span class='ocrx_word' id='word_1_245' title='bbox 1719 3593 2019 3686; x_wconf 86' lang='lat' dir='ltr'>prodere</span> <span class='ocrx_word' id='word_1_246' title='bbox 2057 3593 2353 3679; x_wconf 86' lang='lat' dir='ltr'>videtur,</span> <span class='ocrx_word' id='word_1_247' title='bbox 2392 3593 2490 3665; x_wconf 86' lang='lat' dir='ltr'>ita</span> <span class='ocrx_word' id='word_1_248' title='bbox 2526 3605 2600 3667; x_wconf 85' lang='lat' dir='ltr'>ut</span> 
     </span>
     <span class='ocr_line' id='line_1_32' title="bbox 229 3695 2600 3790; baseline 0.001 -27"><span class='ocrx_word' id='word_1_249' title='bbox 229 3695 620 3767; x_wconf 91' lang='lat' dir='ltr'>nesciamus</span> <span class='ocrx_word' id='word_1_250' title='bbox 658 3717 745 3765; x_wconf 92' lang='lat' dir='ltr'>an</span> <span class='ocrx_word' id='word_1_251' title='bbox 784 3696 1127 3789; x_wconf 81' lang='lat' dir='ltr'>integrum</span> <span class='ocrx_word' id='word_1_252' title='bbox 1164 3696 1252 3765; x_wconf 89' lang='lat' dir='ltr'>sit</span> <span class='ocrx_word' id='word_1_253' title='bbox 1289 3717 1590 3766; x_wconf 88' lang='lat' dir='ltr'>carmen.</span> <span class='ocrx_word' id='word_1_254' title='bbox 1676 3695 2178 3789; x_wconf 84' lang='lat' dir='ltr'>Argumentum</span> <span class='ocrx_word' id='word_1_255' title='bbox 2229 3698 2288 3767; x_wconf 88' lang='lat' dir='ltr'>si</span> <span class='ocrx_word' id='word_1_256' title='bbox 2324 3707 2600 3790; x_wconf 88' lang='lat' dir='ltr'>specta-</span> 
     </span>
     <span class='ocr_line' id='line_1_33' title="bbox 230 3799 2602 3893; baseline 0.001 -26"><span class='ocrx_word' id='word_1_257' title='bbox 230 3820 418 3884; x_wconf 83' lang='lat' dir='ltr'>muS‚</span> <span class='ocrx_word' id='word_1_258' title='bbox 463 3799 683 3893; x_wconf 85' lang='lat' dir='ltr'>prima</span> <span class='ocrx_word' id='word_1_259' title='bbox 731 3819 893 3892; x_wconf 86' lang='lat' dir='ltr'>pars</span> <span class='ocrx_word' id='word_1_260' title='bbox 943 3799 1068 3870; x_wconf 87' lang='lat' dir='ltr'>has</span> <span class='ocrx_word' id='word_1_261' title='bbox 1106 3808 1248 3869; x_wconf 86' lang='lat' dir='ltr'>tres</span> <span class='ocrx_word' id='word_1_262' title='bbox 1287 3799 1608 3893; x_wconf 85' lang='lat' dir='ltr'>strophas</span> <span class='ocrx_word' id='word_1_263' title='bbox 1643 3799 1876 3885; x_wconf 84' lang='lat' dir='ltr'>habet,</span> <span class='ocrx_word' id='word_1_264' title='bbox 1921 3803 1986 3871; x_wconf 98' lang='grc'><strong>6.</strong></span> <span class='ocrx_word' id='word_1_265' title='bbox 2023 3803 2088 3870; x_wconf 80' lang='lat'>5.</span> <span class='ocrx_word' id='word_1_266' title='bbox 2128 3802 2194 3869; x_wconf 90' lang='grc'>6.</span> <span class='ocrx_word' id='word_1_267' title='bbox 2228 3800 2446 3870; x_wconf 83' lang='lat' dir='ltr'>altera</span> <span class='ocrx_word' id='word_1_268' title='bbox 2483 3808 2602 3872; x_wconf 89' lang='lat' dir='ltr'>aut</span> 
     </span>
     <span class='ocr_line' id='line_1_34' title="bbox 229 3902 2651 3996; baseline 0.001 -26"><span class='ocrx_word' id='word_1_269' title='bbox 229 3902 521 3995; x_wconf 88' lang='lat' dir='ltr'>epodica</span> <span class='ocrx_word' id='word_1_270' title='bbox 559 3912 667 3973; x_wconf 90' lang='lat' dir='ltr'>est</span> <span class='ocrx_word' id='word_1_271' title='bbox 702 3924 793 3973; x_wconf 86' lang='lat' dir='ltr'>ex</span> <span class='ocrx_word' id='word_1_272' title='bbox 830 3903 936 3973; x_wconf 89' lang='lat' dir='ltr'>his</span> <span class='ocrx_word' id='word_1_273' title='bbox 973 3902 1308 3996; x_wconf 85' lang='lat' dir='ltr'>strophis,</span> <span class='ocrx_word' id='word_1_274' title='bbox 1360 3904 1426 3976; x_wconf 94' lang='grc'><strong>2.</strong></span> <span class='ocrx_word' id='word_1_275' title='bbox 1476 3904 1542 3975; x_wconf 88' lang='grc'><strong>2.</strong></span> <span class='ocrx_word' id='word_1_276' title='bbox 1587 3904 1655 3976; x_wconf 92' lang='grc'><strong>2.</strong></span> <span class='ocrx_word' id='word_1_277' title='bbox 1703 3906 1770 3975; x_wconf 91' lang='grc'>3.</span> <span class='ocrx_word' id='word_1_278' title='bbox 1815 3913 1934 3976; x_wconf 84' lang='lat' dir='ltr'>aut</span> <span class='ocrx_word' id='word_1_279' title='bbox 1980 3902 2250 3975; x_wconf 87' lang='lat' dir='ltr'>duabus</span> <span class='ocrx_word' id='word_1_280' title='bbox 2305 3911 2598 3987; x_wconf 83' lang='lat' dir='ltr'>constat,</span> <span class='ocrx_word' id='word_1_281' title='bbox 2642 3948 2651 3957; x_wconf 84' lang='lat'><strong>·</strong></span> 
     </span>
     <span class='ocr_line' id='line_1_35' title="bbox 236 4005 2605 4091; baseline 0.003 -19"><span class='ocrx_word' id='word_1_282' title='bbox 236 4005 297 4073; x_wconf 87' lang='grc'>6.</span> <span class='ocrx_word' id='word_1_283' title='bbox 347 4007 416 4076; x_wconf 87' lang='lat'>3.</span> <span class='ocrx_word' id='word_1_284' title='bbox 467 4006 665 4076; x_wconf 85' lang='lat' dir='ltr'>tertia</span> <span class='ocrx_word' id='word_1_285' title='bbox 716 4028 808 4076; x_wconf 87' lang='lat' dir='ltr'>ex</span> <span class='ocrx_word' id='word_1_286' title='bbox 844 4006 1119 4078; x_wconf 89' lang='lat' dir='ltr'>duabus</span> <span class='ocrx_word' id='word_1_287' title='bbox 1156 4007 1341 4076; x_wconf 88' lang='lat' dir='ltr'>facta</span> <span class='ocrx_word' id='word_1_288' title='bbox 1376 4016 1505 4091; x_wconf 77' lang='lat' dir='ltr'>est,</span> <span class='ocrx_word' id='word_1_289' title='bbox 1550 4010 1613 4077; x_wconf 93' lang='grc'><strong>6.</strong></span> <span class='ocrx_word' id='word_1_290' title='bbox 1652 4010 1717 4078; x_wconf 94' lang='grc'><strong>6.</strong></span> <span class='ocrx_word' id='word_1_291' title='bbox 1813 4006 1952 4078; x_wconf 90' lang='lat' dir='ltr'>Sed</span> <span class='ocrx_word' id='word_1_292' title='bbox 1998 4006 2448 4078; x_wconf 85' lang='lat' dir='ltr'>eximendum</span> <span class='ocrx_word' id='word_1_293' title='bbox 2497 4017 2605 4078; x_wconf 87' lang='lat' dir='ltr'>est</span> 
     </span>
     <span class='ocr_line' id='line_1_36' title="bbox 232 4109 2170 4203; baseline 0.002 -28"><span class='ocrx_word' id='word_1_294' title='bbox 232 4129 448 4198; x_wconf 80' lang='lat' dir='ltr'>grave</span> <span class='ocrx_word' id='word_1_295' title='bbox 484 4109 747 4194; x_wconf 86' lang='lat' dir='ltr'>vitium,</span> <span class='ocrx_word' id='word_1_296' title='bbox 786 4131 926 4201; x_wconf 91' lang='lat' dir='ltr'>quo</span> <span class='ocrx_word' id='word_1_297' title='bbox 964 4109 1328 4203; x_wconf 86' lang='lat' dir='ltr'>depravati</span> <span class='ocrx_word' id='word_1_298' title='bbox 1364 4119 1526 4180; x_wconf 86' lang='lat' dir='ltr'>sunt</span> <span class='ocrx_word' id='word_1_299' title='bbox 1559 4131 1807 4181; x_wconf 88' lang='lat' dir='ltr'>versus</span> <span class='ocrx_word' id='word_1_300' title='bbox 1845 4109 2170 4184; x_wconf 74' lang='grc'><strong>27-29,</strong></span> 
     </span>
    </p>

    <p class='ocr_par' dir='ltr' id='par_1_15' title="bbox 439 4210 2177 4309">
     <span class='ocr_line' id='line_1_37' title="bbox 439 4210 2177 4309; baseline 0 -27"><span class='ocrx_word' id='word_1_301' title='bbox 439 4213 560 4282; x_wconf 84' lang='grc' dir='ltr'><strong><em>οὐκ</em></strong></span> <span class='ocrx_word' id='word_1_302' title='bbox 597 4213 840 4302; x_wconf 74' lang='grc' dir='ltr'><em>ἀλέγω·</em></span> <span class='ocrx_word' id='word_1_303' title='bbox 882 4215 1050 4309; x_wconf 72' lang='grc' dir='ltr'>μηδ’</span> <span class='ocrx_word' id='word_1_304' title='bbox 1092 4212 1298 4290; x_wconf 82' lang='grc' dir='ltr'><strong><em>ἄλλος</em></strong></span> <span class='ocrx_word' id='word_1_305' title='bbox 1334 4212 1807 4304; x_wconf 74' lang='grc' dir='ltr'><strong><em>ἀπεχθέμεναι-</em></strong></span> <span class='ocrx_word' id='word_1_306' title='bbox 1844 4210 2177 4305; x_wconf 81' lang='grc' dir='ltr'><strong><em>Διονύσῳ</em></strong></span> 
     </span>
    </p>

    <p class='ocr_par' dir='ltr' id='par_1_16' title="bbox 442 4312 2269 4412">
     <span class='ocr_line' id='line_1_38' title="bbox 442 4312 2269 4412; baseline 0.001 -27"><span class='ocrx_word' id='word_1_307' title='bbox 442 4315 829 4410; x_wconf 82' lang='grc' dir='ltr'><strong><em>φροντίζοι,</em></strong></span> <span class='ocrx_word' id='word_1_308' title='bbox 872 4317 1035 4412; x_wconf 75' lang='grc' dir='ltr'>μηδ’</span> <span class='ocrx_word' id='word_1_309' title='bbox 1080 4318 1147 4386; x_wconf 83' lang='grc' dir='ltr'>εἰ</span> <span class='ocrx_word' id='word_1_310' title='bbox 1175 4312 1613 4409; x_wconf 80' lang='grc' dir='ltr'><strong><em>χαλεπώτερα</em></strong></span> <span class='ocrx_word' id='word_1_311' title='bbox 1649 4316 1861 4385; x_wconf 73' lang='grc' dir='ltr'><strong><em>τῶνδ’</em></strong></span> <span class='ocrx_word' id='word_1_312' title='bbox 1903 4312 2269 4412; x_wconf 77' lang='grc' dir='ltr'><strong><em>ἐμόγησεν,</em></strong></span> 
     </span>
    </p>

    <p class='ocr_par' dir='ltr' id='par_1_17' title="bbox 441 4415 1939 4514">
     <span class='ocr_line' id='line_1_39' title="bbox 441 4415 1939 4514; baseline 0.003 -29"><span class='ocrx_word' id='word_1_313' title='bbox 441 4420 544 4513; x_wconf 77' lang='grc' dir='ltr'>εἴη</span> <span class='ocrx_word' id='word_1_314' title='bbox 580 4419 642 4488; x_wconf 74' lang='grc' dir='ltr'>δ’</span> <span class='ocrx_word' id='word_1_315' title='bbox 681 4418 994 4513; x_wconf 77' lang='grc' dir='ltr'><strong><em>εἰναέτης</em></strong></span> <span class='ocrx_word' id='word_1_316' title='bbox 1028 4416 1071 4514; x_wconf 84' lang='grc' dir='ltr'><em>ἢ</em></span> <span class='ocrx_word' id='word_1_317' title='bbox 1109 4418 1224 4488; x_wconf 86' lang='grc' dir='ltr'>καὶ</span> <span class='ocrx_word' id='word_1_318' title='bbox 1261 4415 1521 4508; x_wconf 73' lang='grc' dir='ltr'><strong><em>δεκάτῳ</em></strong></span> <span class='ocrx_word' id='word_1_319' title='bbox 1561 4417 1939 4509; x_wconf 79' lang='grc' dir='ltr'><strong><em>ἐπιβαίνοι.</em></strong></span> 
     </span>
    </p>

    <p class='ocr_par' dir='ltr' id='par_1_18' title="bbox 231 4518 2758 4704">
     <span class='ocr_line' id='line_1_40' title="bbox 231 4518 2602 4594; baseline 0 -6"><span class='ocrx_word' id='word_1_320' title='bbox 231 4518 381 4589; x_wconf 92' lang='lat' dir='ltr'>Nec</span> <span class='ocrx_word' id='word_1_321' title='bbox 431 4521 707 4593; x_wconf 87' lang='lat' dir='ltr'>mirum:</span> <span class='ocrx_word' id='word_1_322' title='bbox 763 4530 1107 4592; x_wconf 85' lang='lat' dir='ltr'>servatum</span> <span class='ocrx_word' id='word_1_323' title='bbox 1162 4532 1268 4591; x_wconf 88' lang='lat' dir='ltr'>est</span> <span class='ocrx_word' id='word_1_324' title='bbox 1313 4521 1496 4590; x_wconf 87' lang='lat' dir='ltr'>enim</span> <span class='ocrx_word' id='word_1_325' title='bbox 1534 4520 1668 4590; x_wconf 92' lang='lat' dir='ltr'>hoc</span> <span class='ocrx_word' id='word_1_326' title='bbox 1706 4542 1986 4591; x_wconf 85' lang='lat' dir='ltr'>carmen</span> <span class='ocrx_word' id='word_1_327' title='bbox 2027 4522 2096 4592; x_wconf 92' lang='lat' dir='ltr'>in</span> <span class='ocrx_word' id='word_1_328' title='bbox 2135 4522 2412 4594; x_wconf 89' lang='lat' dir='ltr'>duobus</span> <span class='ocrx_word' id='word_1_329' title='bbox 2451 4531 2602 4591; x_wconf 86' lang='lat' dir='ltr'>tan-</span> 
     </span>
     <span class='ocr_line' id='line_1_41' title="bbox 235 4623 2758 4704; baseline -0 -13"><span class='ocrx_word' id='word_1_330' title='bbox 235 4631 406 4704; x_wconf 86' lang='lat' dir='ltr'>tum,</span> <span class='ocrx_word' id='word_1_331' title='bbox 449 4626 559 4694; x_wconf 88' lang='lat' dir='ltr'>vel</span> <span class='ocrx_word' id='word_1_332' title='bbox 595 4634 671 4696; x_wconf 82' lang='lat' dir='ltr'>ut</span> <span class='ocrx_word' id='word_1_333' title='bbox 706 4624 965 4695; x_wconf 86' lang='lat' dir='ltr'>rectius</span> <span class='ocrx_word' id='word_1_334' title='bbox 1004 4623 1231 4695; x_wconf 89' lang='lat' dir='ltr'>dicam</span> <span class='ocrx_word' id='word_1_335' title='bbox 1270 4625 1335 4693; x_wconf 89' lang='lat' dir='ltr'>in</span> <span class='ocrx_word' id='word_1_336' title='bbox 1377 4644 1516 4693; x_wconf 92' lang='lat' dir='ltr'>uno</span> <span class='ocrx_word' id='word_1_337' title='bbox 1560 4623 1806 4694; x_wconf 88' lang='lat' dir='ltr'>codice</span> <span class='ocrx_word' id='word_1_338' title='bbox 1845 4625 2377 4697; x_wconf 87' lang='lat' dir='ltr'>Mediolanensi:</span> <span class='ocrx_word' id='word_1_339' title='bbox 2433 4623 2605 4694; x_wconf 81' lang='lat' dir='ltr'>alter</span> <span class='ocrx_word' id='word_1_340' title='bbox 2623 4637 2758 4700; x_wconf 62' lang='grc' dir='ltr'>μω</span> 
     </span>
    </p>
   </div>
  </div>
 </body>
</html>
