3328 5326
568 383 591 440 l
609 382 645 440 2
1587 381 1971 441 HOMERUS.

571 582 848 644 maneat
900 572 1276 655 sententia,
1350 593 1532 642 nunc
1576 573 1664 642 ab
1717 594 1905 643 novo
1962 572 2153 641 initio
2209 592 2387 664 quae
2442 572 2703 663 reliqua
2759 580 2957 640 erant

571 677 1002 760 adiiciantur,
1060 697 1244 746 nunc
1298 674 1467 768 ipsa
1513 676 1700 746 vocis
1755 676 2256 768 temperatione
2310 697 2490 767 quae
2544 674 2957 744 intermedia

575 791 735 852 sunt
784 780 1295 870 distinguantur
1349 800 1389 847 3
1444 779 1727 848 ceteris:
1801 779 2191 850 cuiusmodi
2264 779 2657 871 exemplum
2728 789 2834 848 est
2887 779 2960 846 in

576 884 766 954 Iliad.
822 883 992 952 XIII.
1055 879 1481 953 674—680.
1595 883 1863 953 Deinde
1933 903 2111 998 (1333
2167 891 2532 952 narrantur
2586 882 2679 951 ita
2733 883 2961 951 solent

576 986 904 1070 describi,
963 995 1035 1056 ut
1089 1007 1366 1078 semper
1420 1007 1510 1055 ex
1581 987 2008 1079 praegressis
2064 986 2292 1077 aliqua
2348 1007 2506 1078 pars
2560 995 2953 1077 repetatur:

575 1086 714 1182 quo
771 1088 848 1158 fit
895 1099 970 1160 ut
1017 1099 1091 1158 et
1140 1111 1223 1159 ea
1277 1110 1457 1180 quae
1507 1089 1643 1159 iam
1689 1091 1924 1160 audita
1977 1099 2136 1159 sunt
2205 1089 2470 1159 facilius
2534 1090 2961 1158 retineantur

575 1193 977 1285 firmiusque
1030 1192 1507 1285 imprimantur
1561 1194 1838 1277 animis,
1910 1203 1980 1262 et
2048 1193 2271 1263 laxius
2343 1202 2549 1284 atque
2604 1193 2959 1262 remissius

575 1297 743 1369 fluat
779 1293 1028 1378 orati0,
1086 1316 1291 1387 quam
1348 1296 1405 1366 si
1458 1298 1662 1366 novis
1719 1316 1994 1389 semper
2048 1297 2453 1388 constipatis
2506 1296 2962 1365 attentionem

577 1400 929 1471 difficilem
994 1409 1066 1477 et
1135 1400 1499 1473 molestam
1562 1400 1911 1473 redderet.
2021 1398 2134 1471 Ad
2205 1399 2528 1473 eamdem
2581 1411 2964 1471 consuetu-

576 1503 811 1574 dinem
842 1501 1141 1596 pertinet
1167 1525 1375 1594 quem
1407 1504 1834 1595 grammatici
1870 1512 2122 1572 vocant
2149 1497 2410 1597 τρόπος
2437 1500 2955 1592 ἑτυμολογικός,

576 1630 786 1705 (13331
826 1604 1016 1698 quod
1054 1628 1195 1676 uno
1246 1606 1590 1676 vocabulo
1648 1607 1908 1677 dictum
1948 1614 2054 1676 est
2092 1605 2411 1698 pluribus·
2436 1606 2844 1698 explicatur,
2884 1615 2964 1675 ut

1604 1706 1815 1786 κύνας
1851 1706 2520 1804 κηρεσσιφορήτους,

989 1813 1113 1888 οὓς
1148 1812 1384 1907 Κῆρες
1422 1814 1755 1906 φορέουσι
1792 1806 2185 1902 μελαινάων
2222 1811 2333 1882 ἐπὶ
2370 1812 2592 1907 νηῶν·

1604 1908 1866 1985 δώδεκα
1903 1916 1965 1983 δ’
2009 1920 2224 1984 ἵππου
2233 1940 2283 1998 ς,

987 2015 1276 2112 πηγούς,
1320 2011 1803 2111 ἀθλοφόρους,
1848 2023 1926 2086 οἲ
1956 2018 2204 2088 ἀέθλια
2243 2015 2498 2087 noeais
2534 2017 2813 2112 ἄροντο.

578 2119 864 2191 Mirifice
901 2140 1117 2213 porro
1151 2130 1224 2189 et
1272 2120 1590 2191 recitanti
1641 2129 1895 2212 poetae
1947 2121 2348 2190 memoriam
2396 2131 2465 2189 et
2517 2120 2960 2191 audientibus

575 2223 977 2294 facilitatem
1028 2223 1500 2316 perceptionis
1564 2224 1851 2294 adiuvat
1913 2244 2179 2294 summa
2233 2224 2350 2293 illa
2399 2224 2731 2294 orationis
2795 2246 2958 2295 cum

575 2328 880 2398 numeris
921 2349 1249 2397 versuum
1288 2327 1735 2418 conspiratio,
1776 2326 1971 2397 cuius
2002 2326 2176 2396 haec
2206 2327 2424 2405 virtus
2453 2336 2581 2412 est,
2614 2337 2710 2411 ut,
2742 2350 2957 2418 quum

576 2432 722 2498 fere
772 2430 1067 2520 singulis
1104 2430 1421 2500 versibus
1459 2451 1922 2520 versuumque
1969 2431 2279 2523 partibus
2324 2431 2636 2522 singulae
2673 2440 2959 2500 senten-p

578 2533 715 2601 tiae
750 2533 1225 2616 absolvantur,
1264 2532 1394 2625 ipsi
1426 2532 1699 2603 numeri
1727 2533 2057 2603 terminos
2083 2534 2532 2618 constituant,
2569 2556 2746 2625 quos
2775 2534 2959 2607 intra

576 2636 955 2707 conclusae
990 2656 1150 2706 esse
1189 2635 1493 2707 debeant
1526 2637 1938 2707 sententiae.
1999 2639 2238 2730 Itaque
2276 2638 2484 2708 etiam
2520 2638 2638 2729 qui
2666 2639 2960 2729 loquen—

580 2749 686 2809 tes
724 2739 1288 2823 introducuntur,
1324 2740 1599 2832 integro
1637 2762 1845 2811 versu
1881 2751 1953 2810 et
1989 2741 2323 2834 incipiunt
2360 2742 2577 2811 verba
2615 2743 2848 2811 facere
2886 2752 2962 2811 et

577 2853 943 3015 perorant:
1004 2843 1213 2935 idque
1251 2846 1508 2915 factum
1540 2854 1654 2913 est
1686 2866 1776 2914 eo
1810 2866 2094 2936 quoque
2133 2847 2311 2928 loco,
2352 2866 2490 2935 quo
2530 2846 2678 2918 solo
2709 2868 2801 2914 ex
2827 2847 2959 2915 ob-

606 2947 763 3039 iqua
816 2947 1130 3017 oratione
1182 2948 1251 3017 in
1297 2957 1560 3017 rectam
1611 2949 1970 3032 transitur,
2037 2948 2224 3017 iliad.
2275 2948 2379 3017 IV.
2426 2949 2593 3018 303.
2687 2949 2961 3018 Eodem

578 3051 995 3122 referendae
1044 3061 1204 3122 sunt
1253 3051 1653 3142 alloquendi
1713 3052 2046 3122 formulae
2100 3052 2442 3143 integrum
2495 3072 2775 3122 versum
2831 3075 2960 3122 ex·-

586 3155 878 3248 plentes,
918 3166 994 3225 ut
2397 3149 2404 3154 ’

889 3256 1211 3353 Ἀτρείδη
1249 3255 1552 3343 κύδιστε,
1596 3257 1774 3338 ἅναξ
1811 3255 2110 3351 ἀνδρῶν,
2151 3251 2618 3347 Ἀγάμεμνον.

583 3360 1018 3450 Omninoque
1058 3361 1426 3452 plurimum
1466 3360 1848 3430 conferunt
1891 3360 1983 3429 ad
2037 3359 2219 3429 hanc
2268 3359 2597 3429 orationis
2631 3382 2793 3431 cum
2829 3384 2963 3432 nu«-

578 3463 794 3532 meris
823 3463 1377 3532 convenientiam
1405 3464 1748 3533 vocabula
1777 3463 2046 3533 ornatui
2077 3462 2442 3547 destinata,
2472 3464 2723 3555 quibus
2746 3487 2961 3555 quum

578 3566 793 3636 ‘veluti
829 3586 1052 3635 vacua
1090 3566 1160 3633 in
1197 3566 1557 3635 sententiis
1594 3565 1820 3659 spatia
1855 3566 2307 3657 impleantur,
2362 3588 2503 3636 non
2559 3567 2781 3637 solum
2835 3590 2965 3661 op·-

586 3669 974 3763 portunitas
1003 3669 1379 3761 praebetur
1394 3670 1716 3748 membra
1746 3669 2076 3739 orationis
2106 3690 2327 3760 usque
2357 3669 2447 3739 ad
2475 3670 2685 3742 finem
2713 3692 2962 3746 versus

587 3772 1053 3867 producendi,
1090 3771 1221 3841 sed
1260 3773 1503 3857 etiam,
1558 3773 1747 3863 quod
1788 3773 1883 3842 ita
1917 3772 2190 3841 stabilia
2230 3784 2390 3843 sunt
2425 3774 2558 3844 ista
2591 3774 2961 3862 vocabula,

585 3885 664 3947 ut
708 3876 1200 3968 cognominum
1246 3875 1464 3945 instar
1504 3877 1676 3960 sint,
1719 3884 1992 3945 -ornaut
2053 3876 2167 3944 illa
2217 3876 2500 3966 quidem
2550 3877 2961 3961 orationem,

588 3978 754 4062 sed,
804 3980 1133 4070 quoniam
1180 3999 1396 4072 saepe
1447 3978 1616 4050 nihil
1667 3979 1929 4049 faciunt
1978 3978 2068 4048 ad
2121 4000 2205 4049 ea
2255 4001 2444 4070 quae
2491 4001 2768 4070 quoque
2805 3980 2964 4051 loco

588 4092 976 4164 narrantur,
1017 4103 1157 4152 non
1188 4093 1579 4175 exposcunt
1605 4082 1738 4152 sibi
1767 4081 2191 4174 diligentiam
2220 4082 2640 4174 singularem
2672 4083 2966 4153 audien*-

587 4185 777 4254 tium.
870 4184 1183 4276 Denique
1230 4187 1442 4260 etiam
1495 4207 1675 4277 quae
1727 4185 1829 4254 sic
1859 4187 1937 4253 in
1967 4185 2455 4256 describendis
2492 4185 2965 4278 ornandisque

584 4288 797 4362 rebus
837 4286 1272 4371 adiiciuntur,
1313 4300 1387 4361 ut
1423 4288 1693 4362 adverti
1729 4289 2441 4382 animum-postulent,
2477 4309 2693 4377 quum
2731 4288 2964 4380 positu

589 4412 716 4462 suo
768 4390 836 4462 in
903 4390 1107 4459 initiis
1142 4413 1464 4464 versuum
1510 4402 1928 4484 separentur
1990 4414 2031 4462 a
2097 4390 2560 4485 praegressiS,
2625 4391 2829 4462 simul
2891 4402 2968 4463 et

590 4495 994 4588 dispescunt
1033 4494 1415 4565 orationem
1455 4497 1520 4564 in
1561 4496 1868 4565 membra
1922 4496 2227 4566 numeris
2274 4493 2836 4578 accommodata,
2887 4506 2968 4567 et

592 4599 850 4669 faciunt
885 4605 961 4667 ut
998 4597 1228 4667 omnia
1266 4620 1391 4690 per
1430 4608 1661 4692 partes
1701 4598 2053 4692 descripta
2090 4597 2774 4689 elariuspatescant:
2811 4606 2908 4684 ut,
