3328 5326
1215 362 1646 426 EURIPIDES.
2508 367 2621 428 24⁴

263 565 327 625 et
356 564 778 625 venustatem
815 554 1306 648 perdiderunt,
1358 555 1645 628 refutari
1682 577 1823 626 non
1860 553 1970 626 est
2006 576 2264 649 operae
2302 558 2623 651 pretium.

264 659 445 743 Quae
494 668 653 751 post
685 684 744 728 v.
795 661 1015 729 4536.
1057 658 1296 730 addita
1347 669 1541 744 sunt,
1594 660 1814 730 multo
1864 668 2026 752 post
2077 657 2482 753 Euripidem
2536 663 2627 732 ab

261 761 526 831 homine
559 761 763 833 valde
800 761 1084 833 indocto
1120 773 1357 834 assuta
1394 784 1552 834 esse
1591 762 1856 834 monuit
1899 761 2267 834 PorsonuS.
2350 764 2628 858 Euripi-

260 865 376 935 des
425 886 565 957 quo
612 864 823 936 modo
881 865 1186 937 fabulam
1224 864 1517 937 finiverit
1552 865 1942 951 nescimuS,
2003 887 2506 960 possemusque
2559 868 2628 938 in

259 968 447 1040 huius
497 968 598 1039 rei
661 969 1095 1061 ignoratione
1146 969 1634 1061 acquiesce&
1697 969 1830 1041 nisi
1882 970 2214 1041 Aelianus
2278 969 2349 1041 in
2410 971 2628 1042 histo-

257 1073 348 1141 ria
409 1072 807 1143 animalium
871 1073 1018 1156 Vll,
1070 1074 1190 1145 29.
1249 1074 1680 1166 scripsisset,
1732 1073 1773 1143 ὁ
1829 1072 1902 1144 δὲ
1951 1072 2351 1170 Ευριπίδης
2407 1077 2483 1144 ἐν
2542 1073 2631 1168 τῇ

253 1174 634 1267 Ἰφιγενείῳ

556 1278 818 1371 ἔλαφον
855 1279 916 1347 ὁ
951 1279 1264 1367 Ἀχαιῶν
1297 1279 1535 1374 χερσὶν
1570 1276 1854 1373 ἐνθήσω
1892 1278 2129 1371 φίλαις

553 1382 970 1475 κεροῦσσαν,
1013 1381 1102 1477 ἢν
1141 1379 1525 1475 σφάζοντες
1561 1378 1952 1478 αὐχήσουσι
1991 1379 2119 1478 σὴν

557 1478 846 1577 σφάζειν
880 1486 1270 1579 θυγατέρα.

256 1590 432 1671 Quos
479 1608 729 1658 versus
781 1609 995 1679 quum
1042 1588 1470 1680 Musgravius
1524 1588 1593 1657 in
1638 1588 1930 1682 prologo
1975 1588 2485 1682 Agamemnoni
2540 1589 2631 1659 ab

255 1691 460 1762 Diana
495 1689 724 1762 dictos
765 1701 1098 1784 putasset,
1139 1691 1477 1775 BremiuS,
1518 1703 1626 1775 et,
1667 1702 1743 1763 ut
1776 1692 2077 1777 videtur,
2118 1692 2468 1764 Porsonus
2505 1713 2631 1763 eos

256 1795 316 1863 in
364 1805 681 1866 extrema
734 1795 969 1867 fabula
1024 1795 1291 1888 positos
1344 1794 1776 1879 iudicarunt,
1845 1806 1916 1867 et
1967 1796 2282 1867 Bremius
2346 1794 2630 1887 quidem

256 1898 448 1969 deam
483 1919 629 1969 non
665 1897 1305 1990 Agamemnonem,
1355 1897 1485 1970 sed
1524 1899 2145 1991 Clytaemnestram
2201 1900 2632 1970 consolatam

256 2023 401 2073 esse
436 2001 875 2072 existimavit.
934 2003 1133 2073 Hunc
1162 2004 1467 2075 refutare
1504 2002 1772 2073 studuit
1806 2002 1885 2072 A.
1921 2002 2251 2074 Matthiae
2288 2024 2400 2087 eo,
2441 2002 2631 2095 quod

255 2104 621 2199 Euripides
658 2127 1001 2198 nusquam
1039 2106 1334 2177 deorum
1361 2106 1758 2177 interventu
1787 2116 2040 2191 utatur,
2071 2106 2203 2176 nisi
2231 2106 2351 2178 ubi
2379 2105 2632 2198 dignus

253 2208 511 2281 vindice
548 2208 778 2281 nodus
814 2208 1114 2294 incidat,
1173 2208 1291 2281 ubi
1328 2219 1561 2281 autem
1599 2230 1740 2301 quo
1778 2210 1989 2288 modo
2027 2209 2196 2301 quid
2232 2220 2506 2302 gestum
2543 2209 2633 2280 sit

257 2314 572 2407 explicet,
602 2333 884 2405 semper
910 2312 1123 2384 deum
1151 2323 1310 2406 post
1339 2314 1810 2384 narrationem
1839 2313 1940 2384 rei
1968 2324 2168 2384 actae
2198 2313 2627 2384 introducat:

255 2416 316 2486 id
366 2438 536 2489 vero
592 2438 905 2509 pugnare
960 2438 1120 2488 cum
1171 2416 1494 2489 versibus
1530 2417 1621 2487 ab
1656 2417 1949 2488 Aeliano
1988 2418 2308 2502 servatiS,
2349 2438 2443 2487 ex
2478 2417 2633 2509 qui-

254 2518 375 2591 bus
407 2530 747 2615 appareat
773 2520 1047 2590 nescire
1077 2520 1383 2592 voluisse
1411 2521 1707 2591 Dianam
1733 2520 2044 2592 Graecos
2077 2520 2504 2614 Iphigeniam
2543 2521 2633 2591 ab

256 2644 325 2694 se
360 2635 714 2697 servatum
752 2623 832 2694 iri
867 2621 1078 2718 (aliud
1119 2624 1389 2718 agentis
1428 2625 1697 2696 calamo
1734 2623 1999 2697 excidit
2029 2636 2384 2697 servatam
2412 2623 2628 2721 esse):

257 2727 430 2801 unde
484 2729 878 2821 suspicatus
932 2740 1041 2800 est
1090 2751 1336 2801 versus
1398 2729 1549 2801 illos
1600 2730 1777 2801 alius
1832 2730 2065 2823 potius
2115 2740 2368 2823 poetae
2422 2751 2633 2821 quam

254 2830 595 2926 Euripidis
646 2852 826 2903 esse.
886 2832 1201 2904 Bremius
1228 2831 1510 2925 quidem
1552 2843 1627 2905 ut
1662 2854 1787 2904 eos
1827 2855 2072 2905 versus
2112 2855 2153 2903 a
2188 2835 2483 2927 prologo
2519 2855 2635 2905 rer-

255 2948 562 3007 moveret
599 2934 735 3006 hoc
773 2945 1186 3028 argumento
1225 2936 1324 3008 uti
1361 2936 1692 3022 debebat,
1731 2937 1924 3028 quod
1951 2957 2047 3006 ex
2074 2936 2192 3007 tali
2220 2937 2414 3006 initio
2444 2936 2632 3007 nullo

257 3051 452 3131 pacto
490 3060 854 3131 emergere
891 3039 1124 3132 aliqua
1160 3038 1522 3132 tragoedia
1557 3040 1894 3133 potuerit:
1945 3059 2106 3110 nam
2142 3040 2293 3110 sive
2330 3042 2634 3131 Agame-

257 3164 408 3214 mno
456 3144 599 3214 sive
647 3142 1197 3236 Clytaemnestra
1251 3144 1615 3215 consilium
1675 3143 1854 3214 deae
1908 3141 2261 3235 cognitum
2310 3143 2629 3228 haberet,

260 3258 367 3318 aut
418 3246 617 3318 alteri
666 3257 784 3318 aut
833 3248 1175 3319 ambobus
1226 3248 1415 3318 nulla
1463 3267 1716 3318 caussa
1766 3257 1956 3317 esset
1993 3246 2352 3317 metuendi
2389 3246 2634 3316 dolen-

260 3349 410 3421 dive
467 3349 557 3422 de
608 3361 798 3421 sorte
835 3349 1056 3435 filiae,
1105 3351 1235 3422 sed
1270 3351 1498 3422 securi
1536 3371 1720 3421 vana
1756 3350 1996 3444 specie
2031 3348 2353 3420 sacrificii
2393 3351 2634 3421 Mene-

259 3453 470 3539 laum,
507 3453 889 3538 Achillem,
942 3454 1245 3546 denique
1284 3465 1502 3527 totum
1540 3454 1928 3524 exercitum
1967 3453 2396 3525 Graecorum
2432 3454 2634 3541 ludos

262 3558 580 3628 facerent.
641 3557 972 3628 Matthiae
999 3578 1172 3628 vero
1202 3579 1444 3651 parum
1474 3558 1985 3651 circumspecte
2023 3557 2381 3642 iudicavit,
2419 3579 2633 3649 quum

261 3661 389 3730 tolli
426 3660 911 3733 difficultatem
947 3660 1233 3754 putavit,
1271 3662 1331 3733 si
1367 3682 1606 3734 versus
1643 3662 1797 3732 illos
1833 3661 1927 3732 ad
1964 3662 2174 3733 alium
2210 3671 2488 3754 poetam
2522 3681 2637 3730 re·-

262 3765 496 3836 ferret:
549 3775 788 3836 manet
838 3765 1025 3835 enim
1077 3763 1486 3851 difficultas,
1546 3766 1711 3858 quia
1755 3787 1870 3837 res
1907 3787 2036 3858 per
2072 3786 2150 3835 se
2189 3763 2493 3834 absurda
2530 3764 2635 3834 vi-

261 3866 487 3941 detur:
527 3890 709 3961 quae
746 3868 803 3939 si
846 3867 1132 3940 defendi
1166 3891 1309 3940 non
1346 3879 1600 3962 potest,
1639 3868 1954 3961 iniquum
1980 3879 2088 3939 est
2115 3868 2323 3938 alium
2351 3877 2633 3960 poetam

262 3970 696 4045 absurditatis
736 3972 1160 4058 insimulare,
1200 3983 1277 4044 ut
1311 3973 1516 4066 culpa
1551 3972 1887 4044 liberetur
1911 3970 2318 4065 Euripides;
2359 3971 2466 4041 sin
2504 3992 2637 4064 po·

262 4082 390 4146 test
439 4075 757 4161 defendi,
815 4098 941 4148 cur
978 4078 1238 4148 feratur
1275 4076 1345 4146 in
1381 4076 1560 4161 alio,
1599 4077 1671 4145 in
1706 4074 2042 4168 Euripide
2079 4085 2310 4146 autem
2349 4096 2490 4145 non
2532 4076 2636 4146 fe-

265 4183 486 4251 ratur?
537 4181 626 4250 Et
662 4180 879 4252 credo
915 4201 1049 4272 ego
1086 4200 1297 4273 posse
1335 4180 1619 4273 optime,
1660 4189 1733 4249 et
1769 4178 1862 4249 ita
1890 4189 1967 4249 ut
1993 4178 2203 4249 etiam
2231 4179 2636 4250 necessario

266 4280 715 4356 introductam
741 4305 900 4356 esse
930 4282 1136 4355 deam
1167 4293 1521 4377 appareat.
1580 4282 1823 4375 Peragi
1851 4280 2294 4369 sacrificium,
2324 4282 2415 4354 ad
2443 4282 2634 4376 quod

268 4393 400 4455 tota
431 4387 789 4481 tragoedia
825 4397 1119 4481 spectat,
1158 4386 1443 4457 omnino
1480 4386 1758 4459 debuit:
1817 4386 2053 4478 itaque
2088 4385 2299 4470 etiam
2339 4404 2636 4457 necesse

268 4501 438 4575 erat,
493 4503 567 4564 ut
618 4492 1211 4584 Clytaemnestrae
1277 4489 1636 4584 choroque
1687 4489 1987 4561 nuntius
2022 4489 2271 4583 aliquis
2320 4498 2635 4560 narraret

271 4613 399 4684 quo
433 4595 640 4667 modo
675 4606 747 4666 et
782 4594 1139 4690 Iphigenia
1175 4615 1268 4665 ex
1306 4594 1525 4665 oculis
1561 4592 2027 4693 spectantium
2066 4594 2339 4666 sublata
2376 4603 2445 4660 et
2480 4590 2636 4661 eius

352 4710 529 4775 Exn.
568 4714 675 4775 Or.
711 4714 864 4777 Vlll.
2167 4712 2220 4783 Q
