3328 5326
1256 383 1656 452 PINDARUS.
2526 391 2550 451 ⁴
2570 393 2592 450 l
2609 391 2646 450 5

263 604 329 674 p.
377 582 494 651 ⁴0.
539 579 706 652 nihil
741 579 928 652 effici
981 581 1225 652 dicens
1277 582 1621 676 exemplis
1664 603 1847 674 quae
1896 581 2108 652 allata
2158 582 2316 665 sint,
2356 582 2645 675 aliisque

267 683 602 756 utendum
656 685 868 756 fuisse
915 686 1357 778 argumentis.
1432 684 1535 755 Ea
1585 706 1747 756 vero
1796 685 1987 756 unde
2035 687 2398 779 promam?
2466 685 2645 758 Num

265 810 356 857 ex
395 787 809 859 testimoniis
844 788 1292 860 metricorum
1327 792 1685 861 veterum?
1745 789 1836 858 At
1872 789 2028 860 illos
2065 788 2440 859 nescivisse
2477 789 2646 881 quid

263 901 454 961 esset
504 913 745 964 versus
795 901 1232 985 asynartetus
1282 893 1432 986 ipse
1469 893 1703 977 docui,
1742 892 2157 985 ostendique
2205 893 2340 963 hoc
2388 913 2645 963 nomen

266 994 347 1065 iis
383 996 757 1066 convenire
794 996 1116 1067 versibus
1152 996 1269 1087 qui
1305 996 1487 1067 sicut
1519 997 1835 1089 placeret
1877 1005 2127 1089 poetae
2162 1017 2348 1068 nunc
2386 994 2648 1067 cohae-

267 1098 580 1169 rentibus
629 1100 936 1170 numeris
986 1098 1471 1184 decurrerent,
1525 1122 1712 1170 nunc
1770 1121 1863 1169 ex
1918 1100 2193 1171 duobus
2244 1109 2647 1170 constarent

264 1223 406 1273 non
444 1202 863 1274 continuatis
909 1202 1233 1274 numeris,
1326 1201 1533 1287 Quod
1577 1203 1635 1274 si
1686 1203 1955 1273 metrici
1991 1202 2331 1295 quosdam
2367 1202 2647 1273 Pindari

260 1327 503 1377 versus
541 1306 661 1398 qui
697 1329 839 1376 non
875 1316 1036 1377 sunt
1086 1307 1463 1399 asynarteti
1501 1307 1570 1375 in
1621 1306 2034 1400 asynartetis
2071 1315 2461 1391 numerant,
2502 1329 2645 1377 non

259 1410 578 1501 sequitur
629 1410 911 1503 quidem
960 1420 1035 1481 ut
1081 1432 1283 1481 usum
1331 1431 1489 1481 esse
1540 1411 1952 1504 asynartetis
2000 1410 2369 1482 Pindarum
2406 1420 2660 1481 osten-‘

260 1512 515 1598 derint,
555 1513 869 1606 sequitur
916 1534 1089 1584 vero
1139 1524 1216 1584 ut
1251 1534 1375 1585 eos
1411 1535 1554 1584 non
1587 1516 2023 1607 refragantes
2070 1514 2350 1599 habeat,
2389 1514 2448 1585 si
2487 1514 2642 1606 quis

258 1616 569 1688 vindicet
620 1626 1054 1711 asynartetos
1100 1616 1418 1688 Pindaro.
1505 1616 1661 1689 Alio
1699 1640 1867 1711 ergo
1920 1617 2257 1691 utendum
2292 1629 2399 1689 est
2435 1640 2643 1710 argu-

258 1730 518 1791 mento.
579 1719 790 1813 Atqui
819 1720 890 1792 id
917 1720 1053 1792 hoc
1081 1721 1307 1815 ipsum
1335 1741 1617 1792 carmen
1644 1722 1957 1815 praebet.
2028 1721 2199 1792 Nam
2227 1722 2285 1792 si
2312 1743 2641 1792 numeros

260 1824 794 1896 consideramus
822 1824 1074 1917 quibus
1112 1823 1276 1895 inde
1313 1846 1355 1895 a
1390 1825 1596 1897 tertio
1626 1826 2064 1919 stropharum
2091 1846 2293 1898 versu
2332 1847 2496 1898 usus
2535 1835 2644 1896 est

258 1937 493 2021 poeta,

574 2031 817 2126 ἄρκεσε
853 2028 1179 2126 Κρόνιον
1213 2034 1372 2126 παρ’
1414 2030 1641 2121 ὄχθον
1678 2032 2148 2126 ἁγεμονεῦσαι

571 2131 972 2225 κωμάζοντι
1007 2132 1239 2227 φίλοις
1269 2131 1752 2230 Ἐφαρμόστῳ
1793 2134 1923 2207 σὺν
1959 2134 2305 2230 ἑταίροις’

570 2235 742 2308 ἀλλὰ
775 2238 906 2307 νῦν
940 2234 1383 2329 ἑκαταβόλων
1417 2238 1722 2308 Μοισᾶν
1758 2236 1898 2308 ἀπὸ
1939 2236 2165 2322 τόξων

569 2337 723 2412 Δία
756 2367 832 2411 τε
872 2336 1512 2434 φοινικοστερόπαν
1556 2338 1819 2431 σεμνόν
1854 2342 1911 2411 τ’
1943 2340 2310 2433 ,ἐπίνειμαι

570 2440 1011 2540 ἀκρωτήριον
1036 2441 1320 2521 Ἄλιδος
1354 2445 1654 2521 τοιοῖςδε
1691 2444 2030 2536 βέλεσσιν,
2611 2495 2612 2498 ,

253 2546 630 2641 quinquies
646 2547 987 2619 habemus
1014 2546 1303 2617 eosdem
1322 2568 1676 2633 numerOS,
1705 2546 1839 2618 nisi
1858 2546 2049 2640 quod
2076 2558 2364 2639 quartus
2391 2547 2640 2620 horum
2657 2581 2711 2633 p.
2731 2572 2761 2619 8

257 2674 501 2724 versus
540 2651 608 2721 in
645 2650 878 2745 priore
913 2660 1111 2745 parte
1146 2650 1575 2723 tribrachum
1626 2650 2020 2745 spondeum
2056 2661 2127 2723 et
2161 2649 2642 2725 choriambum

257 2778 386 2851 pro
422 2755 784 2848 Glyconeo
830 2755 1074 2826 habet:
1131 2756 1424 2826 alterum
1470 2765 1704 2828 autem
1754 2755 2143 2827 membrum
2193 2758 2262 2826 in
2318 2757 2641 2833 omnibus

260 2861 449 2933 idem
484 2869 617 2944 est,
657 2859 785 2929 sed
820 2880 1159 2931 caesurae
1193 2859 1482 2944 variant,
1522 2858 1616 2929 ita
1658 2858 1945 2951 quidem
1995 2870 2070 2930 ut
2104 2860 2174 2929 in
2210 2861 2450 2932 ultimo
2488 2871 2644 2933 tan-

258 2974 408 3036 tum
441 2962 672 3033 brevis
708 2963 973 3056 syllaba
1009 2962 1079 3031 in
1117 2962 1570 3033 commissura
1629 2962 2035 3046 inveniatur,
2074 2984 2160 3033 ea
2194 2985 2356 3035 vero
2395 2965 2465 3033 in
2502 2964 2641 3037 fine

260 3066 608 3139 vocabuli:
664 3066 734 3136 in
786 3065 1017 3137 media
1054 3066 1239 3135 enim
1284 3086 1455 3136 voce
1492 3065 1550 3135 si
1601 3078 1812 3150 esset,
1854 3065 2194 3136 eximeret
2235 3088 2510 3138 versum
2549 3089 2643 3138 ex

266 3171 701 3264 asynartetiS.
779 3171 920 3241 lam
957 3169 1070 3239 cui
1104 3190 1248 3239 non
1277 3168 1524 3241 mirum
1558 3168 1931 3254 videretur,
1971 3168 2030 3240 si
2060 3169 2421 3255 Pindarus,
2459 3192 2641 3262 quae

264 3275 577 3345 membra
615 3284 718 3345 tot
752 3274 821 3344 in
858 3273 1172 3344 versibus
1208 3272 1277 3341 in
1317 3293 1529 3344 unum
1567 3272 2008 3344 coniunxerit
2056 3294 2354 3358 versum,
2393 3274 2464 3343 in
2502 3297 2644 3345 uno

267 3378 383 3449 illo
417 3378 660 3450 ultimo
695 3398 902 3447 versu
941 3398 1083 3447 non
1121 3375 1652 3447 coniunxisset?
1713 3375 2008 3447 Accedit
2034 3386 2110 3448 ut
2133 3376 2439 3469 ’Ἀλφεος
2474 3400 2642 3450 nus—

264 3502 471 3574 quam
498 3482 564 3552 ei
593 3481 1003 3573 bisyllabum
1023 3480 1134 3565 sit,
1154 3478 1345 3571 quod
1372 3490 1654 3550 sumunt
1670 3480 1789 3572 qui
1807 3490 2277 3572 asynartetum
2296 3481 2634 3553 reiiciunt.

269 3583 695 3657 Crediderim
732 3607 865 3677 ego
903 3583 1011 3657 his
1046 3584 1216 3654 satis
1254 3581 1564 3654 firmatos
1598 3604 1761 3654 esse
1798 3604 2045 3656 versus
2084 3594 2540 3677 asynartetos
2657 3592 2660 3595 ’

465 3688 538 3758 V.
597 3688 717 3760 32.
768 3709 911 3758 non
963 3697 1155 3757 recte
1207 3687 1529 3757 scribitur
1586 3686 1856 3784 ἤρειδεν
1904 3714 2007 3759 τε.
2118 3688 2294 3758 Nam
2340 3688 2635 3781 repetito

264 3792 598 3864 vocabulo
651 3792 767 3862 lex
811 3790 1119 3862 Graecae
1173 3791 1445 3883 linguae
1495 3790 1574 3860 δέ
1602 3789 1923 3882 requirit:
1980 3790 2204 3887 ἤρειδε
2243 3792 2631 3878 Ποσειδᾶν,

261 3892 526 3989 ἤρειδεν
563 3895 643 3966 δέ
670 3918 785 3965 νιν
819 3895 1131 3990 ἀργυρέῳ
1164 3892 1345 3985 τόξῳ
1381 3893 1772 3985 πολεμίζων
1811 3896 2105 3985 Φοῖβος.

466 3998 543 4068 V.
589 3992 708 4069 68.
750 3998 997 4069 vellem
1033 4018 1177 4069 non
1213 4006 1571 4090 receptum
1597 3995 1788 4089 quod
1826 3997 1986 4067 olim
2025 3995 2472 4068 scribendum
2508 4020 2639 4091 pu-

267 4099 497 4171 tabam
533 4108 612 4172 οἲ
658 4103 719 4171 δ’
756 4098 1114 4196 Ἀρκάδες.
1207 4098 1643 4172 Servandum
1689 4110 1839 4170 erat
1892 4099 2077 4170 enim
2114 4099 2391 4192 epicum
2431 4101 2533 4171 ἰδὲ
2567 4102 2636 4171 in

269 4222 478 4275 versu
509 4205 896 4277 Phalaeceo
932 4203 1542 4297 hendecasyllabO,

263 4303 345 4374 ἔκ
376 4308 429 4376 τ’
454 4307 744 4402 Ἄργεος
768 4308 842 4378 ἔκ
875 4334 952 4378 τε
988 4310 1093 4404 Θη
1170 4302 1181 4405 Ι
1252 4308 1389 4399 βᾶν
1417 4308 1508 4377 ἰδ’
1543 4304 1906 4403 Ἀρκάδες,
1940 4305 2111 4377 οἶδὲ
2134 4306 2253 4376 καὶ
2280 4307 2630 4395 Πισᾶται,

263 4430 489 4500 quum·
510 4410 580 4480 in
616 4412 866 4483 ceteris
903 4410 1208 4504 strophis
1247 4410 1568 4482 omnihus
1605 4411 1978 4482 trochaeus
2016 4411 2086 4480 in
2120 4410 2276 4481 basi
2313 4410 2421 4480 sit.

475 4504 673 4598 Quod
721 4541 780 4586 v.
825 4515 945 4587 76.
1003 4515 1072 4584 in
1127 4513 1317 4583 libris
1363 4515 1697 4608 scriptum
1750 4526 1857 4585 est
1908 4519 1979 4596 ἐξ
2017 4510 2106 4584 οὗ
2147 4513 2399 4590 Θέτιος
2430 4509 2636 4601 γόνος

268 4613 478 4706 οὐλίῳ
513 4640 637 4707 μιν
669 4621 744 4690 ἐν
766 4616 996 4714 Ἀρει,
1038 4638 1183 4690 non
1218 4616 1524 4688 debebat
1573 4619 1836 4691 inserto
1868 4643 1942 4708 γε
1981 4627 2051 4689 et
2085 4626 2350 4689 mutato
2389 4613 2638 4686 ordine

2131 4735 2225 4796 ΗΞ
