3328 5326
756 402 881 463 342
1674 401 2178 466 THEOGRITUS.

760 592 976 675 enim,
1032 591 1148 685 qui
1200 603 1306 663 est
1360 592 1704 664 Parisinus
1742 603 2050 686 quartus,
2089 594 2183 663 ita
2219 614 2376 666 cum
2413 591 2912 664 Mediolanensi
2950 612 3079 661 con-

760 695 989 780 sentit,
1032 704 1105 766 ut
1140 715 1232 765 ex
1269 696 1383 767 illo
1420 696 1811 789 exscriptus
1848 697 2185 769 videatur.
2270 696 2344 766 In
2395 695 2616 788 primo
2660 717 2873 768 versu
2924 694 3078 763 Reis-

758 799 911 870 kius
990 798 1115 867 οὐκ
1176 798 1263 872 ἂν
1334 797 1460 887 ἐγώ
1540 800 1987 872 scribendum
2057 821 2213 871 esse
2282 799 2635 876 intellexit.
2753 800 2828 875 In
2900 797 3079 868 altero

761 901 1176 985 BrunckiuS,
1245 902 1550 974 sentiens
1609 903 1932 994 graviora
1995 925 2201 995 quam
2254 902 2560 974 Pentheo
2622 902 2735 973 vix
2798 902 3079 993 cuiquam

761 998 1044 1076 evenire
1096 1025 1336 1097 posse,
1393 1006 1853 1078 audacissime
1908 1006 2108 1077 simul
2161 1016 2232 1076 et
2284 1006 2644 1078 falsissime
2696 1006 2830 1098 legi
2878 1004 3078 1086 voluit,

758 1108 928 1202 μηδ’
971 1106 1047 1183 ὅς
1081 1132 1193 1178 κεν
1229 1106 1571 1179 ἐλάσσονα
1604 1111 1825 1180 τῶνδε
1866 1105 2176 1205 μογήσῃι
2231 1128 2370 1180 non
2420 1109 2604 1179 enim
2655 1108 2821 1201 quid
2869 1127 3081 1200 passus

760 1219 948 1280 esset
975 1208 1340 1294 PentheuS,
1370 1211 1691 1305 sedquid
1721 1212 2179 1285 commisisset
2203 1211 2656 1306 spectandum
2684 1221 2852 1283 erat.
2911 1209 3080 1280 Tertii
3156 1251 3161 1257 ·

759 1333 1004 1383 versus
1041 1334 1221 1405 quae
1257 1316 1603 1386 sententia
1639 1326 1828 1386 esset
1860 1315 2194 1409 Bergkius
2231 1315 2731 1387 animadvertit.
2798 1313 2974 1386 Illud
3000 1314 3080 1382 fu-

759 1417 858 1507 git
895 1416 1191 1501 criticOS,
1233 1417 1597 1511 φροντίζοι
1636 1419 1848 1491 fuisse
1879 1417 2255 1514 φροντίζω,
2288 1419 2477 1511 quod
2504 1420 2843 1511 interpres
2870 1416 3077 1508 aliquis

760 1518 850 1590 ad
878 1518 1089 1608 ἀλέγω
1118 1520 1601 1614 adscripserat.
1666 1521 1907 1593 Cetera
1935 1524 2206 1593 lacerae
2235 1524 2344 1595 vel
2374 1522 2711 1593 evanidae
2738 1522 3079 1614 scripturae

758 1622 939 1692 mala
976 1643 1132 1698 esse
1186 1625 1670 1716 supplementa
1718 1626 2060 1709 videntur.
2153 1624 2229 1695 Id
2276 1626 2464 1717 quod
2511 1637 2717 1719 poeta
2766 1625 2834 1694 in
2884 1631 3078 1694 mente

758 1725 1085 1809 habebat,
1123 1725 1261 1797 hoc
1298 1728 1445 1798 fere
1480 1728 1691 1799 modo
1730 1729 2036 1802 debebat
2072 1728 2333 1820 eloqui:

965 1830 1090 1899 οὐκ
1126 1829 1214 1899 ἂν
1250 1828 1465 1920 ἔγωγ’,
1509 1832 1633 1902 οὐκ
1671 1831 1759 1902 ἄν
1795 1834 1942 1903 ποτ’
1983 1830 2426 1929 ἀπεχθοίμην
2462 1830 2821 1922 Διονύσῳ,

961 1931 1142 2027 μηδέ
1171 1959 1325 2023 μοι,
1370 1934 1441 2003 εἴ
1467 1960 1575 2012 τις
1610 1932 1725 2004 καὶ
1761 1932 2196 2030 μετριώτεροι
2229 1934 2439 2004 τῶνδ’
2479 1931 2854 2029 ἑμάτησεν,

961 2036 1069 2129 εἴη
1108 2037 1486 2131 συνναέτης
1521 2035 1564 2132 ἢ
1606 2037 1788 2127 ὑμᾶς
1822 2034 2058 2108 ἀκάτω
2094 2034 2467 2128 ἑπιβαίνοι.

760 2135 1081 2208 Ultimum
1120 2159 1397 2210 versum
1435 2160 1659 2232 paene
1698 2140 1947 2211 eodem
1982 2140 2193 2216 modo
2229 2139 2648 2210 emendabat
2682 2138 3016 2232 HauptiuS.
