3328 5326
1293 385 1630 457 HYM'NUS.
2528 397 2642 457 36⁴

265 586 556 679 ingenio
592 584 681 656 ad
718 583 963 679 poesin
1000 596 1163 657 nato
1202 588 1601 672 excelleret,
1641 586 2033 681 Apollinem
2071 589 2140 656 in
2179 597 2377 659 utero
2419 591 2653 659 matris

267 689 765 760 vaticinantem
818 691 981 760 fecit
1032 690 1121 760 de
1161 689 1404 774 Gallis,
1458 691 1573 782 qui
1627 690 1809 761 duce
1847 693 2124 761 Brenno
2172 691 2241 760 in
2279 691 2650 763 Phocidem
2675 696 2773 757 ΡΑ

264 793 513 885 templi
550 793 867 885 Delphici
905 794 1276 887 diripiendi
1314 815 1563 865 caussa
1600 796 1737 865 sint
1771 795 2119 887 irrupturi.
2179 795 2283 865 Ea
2320 816 2361 865 a
2396 820 2458 864 v.
2483 800 2510 866 4
2533 799 2649 867 Ἡ.

265 897 378 967 his
417 897 654 967 verbis
694 896 1042 990 descripta
1080 897 1448 992 habemus:

478 999 601 1070 καί
633 998 717 1070 νύ
756 1023 928 1070 ποτε
964 999 1167 1081 ξυνός
1202 1025 1310 1078 τις
1347 998 1695 1072 ἐλεύσεται
1725 1001 1953 1091 ἄμμιν
1993 1001 2249 1078 ἄεθλος

481 1103 811 1198 ὕστερον,
853 1102 1101 1175 ὁππότ’
1144 1105 1233 1173 ἂν
1270 1110 1338 1173 οἱ
1374 1104 1504 1194 μὲν
1539 1105 1641 1195 ἐφ’
1677 1100 2071 1198 Ἑλλήνεσσι
2108 1101 2468 1199 μάχαιραν

481 1208 916 1302 βαρβαρικὴν
952 1208 1069 1277 καί
1108 1207 1382 1278 Κελτὸν
1420 1204 1944 1302 ἀναστήσαντες
1969 1206 2204 1302 ’Ἁρηα

485 1310 812 1401 ὀψίγονοι
860 1312 1150 1405 Τιτῆνες
1186 1311 1300 1401 ἀφ’
1342 1312 1633 1404 ἑσπέρου
1675 1304 2156 1399 ἑσχατόωντος

487 1410 886 1509 ῥώσωνται,
931 1412 1342 1506 νιφάδεσσιν
1377 1411 1681 1491 ἐοικότες
1714 1414 1758 1509 ἢ
1799 1408 2179 1508 ἰσάριθμοι
2516 1417 2659 1486 175

483 1516 811 1610 τείρεσιν,
853 1516 1060 1612 ἡνίκα
1096 1521 1383 1588 πλεῖστα
1419 1518 1564 1586 κατ’
1603 1518 1777 1613 ἠέρα
1811 1518 2334 1608 βουκολέονται·

489 1618 798 1714 φρούρια
834 1620 952 1691 καὶ
999 1619 1250 1713 [κῶμαι
1288 1621 1595 1715 Λοκρῶν
1631 1620 1750 1690 καὶ
1788 1619 2131 1712 Δελφίδες
2168 1618 2436 1715 ἅκραι,]

488 1723 606 1792 καὶ
642 1722 842 1793 πεδία
880 1728 1201 1818 Κρισαῑα
1236 1723 1352 1793 καὶ
1387 1722 1667 1820 ἡπείροι
1711 1721 1780 1817 [ο
1818 1722 2193 1817 φάραγγες]

490 1825 1282 1921 ἀμφιπεριστείνωνται,
1326 1830 1526 1898 ι”δωσι
1562 1827 1635 1897 δὲ
1671 1825 1887 1897 πίονα
1922 1828 2195 1922 καρπὸν

486 1928 800 2020 γείτονος
836 1932 1291 2021 αἰθομένοιο·
1335 1930 1451 2000 καὶ
1492 1931 1616 1999 οὐκ
1651 1930 1757 2000 ἔτι
1792 1932 2067 2021 μοῦνον
2104 1930 2351 2025 ἀκουῇ,
2522 1934 2664 2002 480

491 2035 626 2104 ἀλλ’
664 2031 800 2129 ἤδη
836 2032 994 2127 περὶ
1031 2031 1203 2129 νηὸν
1237 2031 1761 2123 ἀπαυγάζοιντο
1797 2032 2155 2124 φάλαγγας

491 2137 916 2228 δυσμενέων·
957 2136 1087 2232 ἤδη
1128 2136 1202 2206 δὲ
1236 2136 1394 2230 περὶ
1429 2135 1881 2231 τριπόδεσσιν
1918 2141 2110 2227 ἐμεῖο

491 2239 822 2331 φάσγανα
854 2240 972 2309 καὶ
1011 2241 1366 2335 ζωστῆρας
1402 2241 1754 2329 ἀναιδέας,
1797 2243 2190 2331 ἑχθομένας
2223 2268 2296 2311 τε

491 2343 818 2432 ἀσπίδας,
862 2348 948 2413 αἲ
975 2345 1047 2413 Γ
1041 2339 1335 2436 αλάτῃσι
1369 2342 1584 2439 κακὴν
1621 2342 1789 2413 ὁδὸν
1827 2345 2089 2438 ἄφρονι
2127 2342 2319 2435 φύλῳ

490 2445 901 2543 στήσονται·
944 2447 1121 2516 τέων
1158 2451 1232 2515 αἱ
1266 2445 1396 2537 μὲν
1430 2446 1591 2537 ε’μοὶ
1625 2448 1856 2540 γέρας,
1901 2475 1946 2518 α
1974 2448 2061 2517 ἰδ’
2091 2446 2204 2517 ἐπὶ
2225 2445 2484 2539 Νείλῳ,
2525 2450 2691 2518 485.

491 2555 566 2622 ἐν
601 2550 774 2644 πυρὶ
809 2549 977 2628 τούς
1017 2551 1410 2643 φορεόντας
1446 2548 2032 2627 ἀποπνεύσαντας
2071 2551 2378 2638 ἰδοῦσαι,

491 2651 871 2743 κείσονται,
914 2654 1251 2750 βασιλῆος
1288 2652 1541 2726 ἀέθλια
1578 2652 1802 2726 πολλὰ
1835 2650 2191 2746 καμόντος

490 2754 894 2847 ἑσσόμεναι·
940 2762 1373 2848 Πτολεμαῖε,
1416 2755 1511 2827 τά
1546 2783 1662 2827 τοι
1697 2756 2015 2853 μαντήϊα
2053 2756 2313 2849 φαίνω.

270 2861 570 2934 Uncinis
615 2861 906 2945 inclusa,
946 2861 1274 2952 quoniam
1310 2861 1381 2929 in
1419 2861 1923 2953 antiquioribus
1961 2861 2155 2930 libris
2190 2861 2467 2945 desunt,
2508 2883 2674 2954 sup—

270 2969 638 3061 plementa
692 2978 851 3035 esse
899 2974 1230 3058 putantur
1274 2964 1487 3033 Marci
1537 2964 1828 3035 Musuri:
1880 2974 2127 3054 estque
2180 2964 2250 3033 id
2299 2984 2471 3033 sane
2522 2965 2674 3033 veri

270 3070 529 3142 simile.
633 3070 1035 3139 Lacunosus
1090 3089 1258 3159 ergo
1314 3068 1444 3137 fuit
1493 3068 1818 3158 antiquus
1870 3068 1985 3136 ille
2042 3065 2308 3148 codeX,
2378 3087 2471 3135 ex
2533 3088 2671 3157 quo

272 3173 502 3244 nostri
532 3173 683 3243 libri
714 3172 1003 3243 derivati
1033 3180 1216 3256 sunt,
1255 3180 1331 3240 ut
1368 3171 1868 3262 supplementis
1905 3170 2052 3241 istis
2090 3190 2232 3239 non
2269 3170 2426 3262 plus
2463 3189 2673 3261 quam

275 3278 707 3349 coniecturis
746 3275 1191 3346 tribuendum
1238 3274 1343 3343 sit.
1421 3274 1619 3344 Nunc
1657 3273 2046 3357 HeckeruS,
2101 3283 2177 3345 ut
2230 3273 2436 3343 etiam
2491 3294 2673 3365 quae

277 3403 429 3452 non
484 3380 575 3451 ad
630 3402 776 3449 rem
833 3379 1182 3472 pertinent
1249 3379 1621 3470 attingam,
1679 3378 1846 3449 dum
1902 3377 2031 3448 hos
2086 3398 2327 3448 versus
2398 3385 2669 3460 tractat,

278 3485 529 3555 nescio
566 3504 706 3576 quo
745 3483 977 3566 mod0,
1017 3502 1228 3574 quum
1268 3505 1332 3574 p.
1365 3482 1409 3553 ’7
1420 3480 1484 3551 4.
1520 3482 1609 3553 ad
1637 3480 2155 3577 Κελτὸνᾌρηα
2183 3480 2432 3550 similia
2457 3501 2675 3572 quae-

282 3590 450 3661 dam
489 3597 950 3680 compararet,
990 3587 1059 3654 in
1098 3586 1402 3657 animum
1440 3586 1715 3657 induxit
1751 3586 1989 3656 Martis
2028 3606 2283 3655 nomen
2336 3585 2551 3654 latere
2604 3584 2674 3652 in

279 3694 400 3765 illo
455 3690 855 3762 Callimachi
905 3711 1137 3775 versu,
1187 3689 1301 3781 qui
1353 3692 1422 3760 in
1475 3690 1960 3782 Etymologico
2009 3690 2095 3759 M.
2133 3712 2201 3782 p.
2247 3686 2418 3771 454,
2464 3690 2528 3757 8.
2572 3688 2672 3758 sic

282 3797 586 3889 scriptus
625 3803 884 3864 exstat:

597 3895 927 3974 δειλαίοις
943 3898 1337 3969 Ἀσινεῧσιν
1374 3897 1487 3968 ἐπὶ
1525 3897 1901 3993 τριπτῆρες
1938 3893 2288 3990 ἀρπάσας.

285 4005 358 4074 In
411 4024 552 4095 quo
604 4023 814 4072 versu
868 4023 1083 4093 quum
1147 4021 1458 4072 summus
1517 4001 1798 4071 criticus
1849 4000 1926 4069 R.
1968 3997 2323 4071 Bentleius
2373 3997 2541 4069 nihil
2597 4019 2675 4068 se

287 4117 647 4202 praestare
677 4126 886 4198 posse
916 4107 1141 4175 fassus
1171 4107 1282 4188 sit,
1313 4125 1608 4196 magnae
1639 4103 1979 4175 audaciae
2015 4112 2167 4172 erat
2201 4102 2675 4173 coniecturam

287 4213 601 4305 proferre
639 4207 1059 4292 huiusmodi,

600 4310 928 4389 δειλαίοις
951 4311 1341 4381 Ἀσινεῦσιν
1379 4308 1956 4404 ἐπιχρίμπτεσκεν
1974 4308 2141 4404 Ἄρη
2150 4335 2225 4395 α,

290 4439 471 4511 quae
508 4428 579 4487 et
610 4416 880 4508 longius
910 4434 949 4483 a
976 4414 1231 4485 tradita
1259 4415 1601 4506 scriptura
1630 4413 2017 4498 recederet,
2049 4422 2120 4483 et
2145 4402 2440 4483 verbum
2470 4433 2675 4504 prae-

290 4521 489 4592 beret
529 4519 1126 4613 frequentativum,
1167 4519 1277 4590 cui
1316 4518 1428 4587 hic
1465 4539 1604 4588 non
1640 4516 1920 4587 videtur
1956 4518 2150 4587 locus
2188 4536 2369 4586 esse.
2430 4515 2673 4583 Sermo

295 4635 400 4696 est
437 4626 643 4709 enim,
686 4634 762 4694 ut
798 4632 869 4693 et
902 4622 1455 4715 Etymologicum
1497 4631 1567 4691 et
1604 4620 2015 4691 scholiastes
2042 4619 2387 4713 Apollonii
2425 4615 2674 4686 Rhodii
