3328 5326
662 373 785 436 476
1650 370 2023 446 TABULAE.

660 565 866 658 igitur
903 565 1023 634 tali
1056 573 1388 656 tantoque
1424 564 1595 651 viro,
1633 585 1844 656 quem
1880 564 1950 634 in
1986 562 2195 634 rebus
2230 562 2548 633 omnibus
2585 561 3027 654 incorruptae

659 667 858 753 fidei,
909 667 1237 751 iustitiae,
1293 666 1763 752 constantiae,
1822 665 2268 750 fortitudiniS,
2306 665 2748 736 humanitatis
2787 686 3028 735 exem-

656 772 845 865 plum
883 770 1271 855 habuimuS‚
1314 781 1640 862 quantam
1677 769 1968 863 gratiam
2005 769 2407 854 debeamuS,
2436 780 2831 861 quantaque
2868 790 3028 839 eum

657 873 1115 944 admiratione
1169 883 1240 943 et
1289 874 1732 944 veneratione
1780 873 2086 945 colamus
2106 926 2124 957 ,
2175 872 2308 943 hac
2356 874 2533 943 festa
2569 871 2684 942 die
2718 871 2797 941 in
2834 892 3029 941 com-

657 977 848 1048 muni
898 978 1242 1047 honorum
1277 978 1739 1068 gratulatione
1788 976 2212 1070 supplicibus
2250 997 2407 1047 cum
2443 975 2623 1046 votis
2659 997 2787 1069 pro
2822 996 3032 1045 recu-

655 1080 970 1174 peranda
998 1079 1396 1151 valetudine
1426 1080 1942 1172 laetissimoque
1970 1080 2368 1149 meritorum
2398 1080 2647 1163 fructu,
2679 1077 3035 1148 testificati

1018 1205 1254 1255 sumus
1292 1194 1363 1254 et
1396 1182 1529 1253 hac
1568 1183 1803 1255 tabula
1839 1183 2114 1277 publice
2151 1181 2673 1253 declaravimus.

1200 1287 1280 1356 D.
1322 1286 1519 1356 XVII.
1560 1286 1839 1357 Octobr.
1881 1285 1961 1356 A.
2001 1285 2460 1356 MDCCCXLI.

1366 2014 2169 2131 ‘PORTAE

918 2150 923 2153 ⁴
1022 2188 1107 2258 1N
1213 2188 1541 2259 TERTns
1653 2188 1950 2259 sAcms
2062 2188 2644 2260 sECULAfflssus

1126 2320 1818 2390 oonomnus
1853 2322 2531 2391 nummus,

1228 2523 1573 2594 Palaestra
1610 2545 2017 2596 severorum
2052 2525 2436 2597 studiorum

1588 2649 1845 2699 canora
1877 2627 2079 2699 Porta

1265 2730 1507 2823 accipe
1544 2752 1724 2821 quae
1762 2753 1888 2824 pro
1927 2743 1995 2802 te
2032 2743 2194 2803 vota
2239 2734 2400 2804 facit

1056 2832 1290 2924 llgenii
1328 2834 1427 2904 tui
1464 2833 1958 2926 discipulorum
1995 2847 2307 2929 tempore
2341 2838 2623 2930 primus,

1530 2937 1795 3008 Memor
1832 2939 2113 3031 originis

1219 3061 1485 3111 memor
1520 3042 1725 3111 trium
1761 3043 2154 3114 seculorum
2188 3042 2447 3134 gloriae

1171 3144 1573 3215 inviolatum
1610 3155 1855 3217 tueare
1893 3145 2266 3217 Palladium
2302 3154 2493 3216 tuum

1309 3247 1611 3319 Graecas
1648 3249 2064 3342 Latinasque
2101 3250 2332 3320 Musas

1095 3371 1275 3441 quae
1313 3351 1615 3443 linguam
1654 3351 1924 3445 fingunt
1958 3362 2264 3423 mentem
2300 3362 2555 3424 acuunt

1128 3454 1480 3544 ingenium
1518 3456 1827 3527 excitant
1863 3457 2167 3527 animum
2203 3456 2531 3527 roborant

1373 3558 1577 3628 vitam
1616 3580 1895 3630 omnem
1933 3559 2287 3631 decorant.

998 3657 1266 3750 Reguet
1301 3662 1479 3730 intra
1515 3664 1787 3733 moenia
1826 3673 1941 3734 tua
1980 3665 2190 3734 rebus
2225 3663 2297 3732 in
2332 3661 2651 3733 omnibus

1000 3782 1207 3851 quam
1244 3763 1348 3833 sui
1388 3765 1756 3835 scintillam
1790 3766 1979 3837 Deus
2017 3767 2361 3838 mentibus
2398 3764 2648 3836 indidit

978 3863 1152 3936 ratio
1189 3877 1411 3937 mater
1446 3868 1904 3961 simplicitatis
1942 3870 2245 3941 veritatis
2282 3869 2683 3940 sanctitatis

1305 3968 1567 4041 Arceas
1605 3994 1646 4041 a
1684 3974 2152 4065 penetralibus
2190 3972 2322 4044 tuis

1381 4097 1556 4166 quos
1594 4077 1905 4147 seculum
1943 4075 2248 4149 obtrudit

1571 4178 1749 4250 duos
1785 4182 2066 4252 morbos

843 4277 1159 4347 notitiam
1194 4299 1424 4351 rerum
1466 4281 1910 4374 plurimarum
1946 4286 2095 4355 sine
2134 4285 2335 4355 ullius
2370 4283 2470 4355 rei
2508 4282 2800 4354 scientia

1034 4401 1174 4450 non
1211 4380 1423 4454 habet
1460 4384 1743 4457 domum
1780 4387 1897 4479 qui
1934 4389 2188 4480 ubique
2224 4388 2482 4481 hospes
2518 4398 2625 4457 est

1779 4500 1849 4559 et

1231 4587 1508 4681 impiam
1544 4593 1876 4685 pietatem
1914 4596 2395 4667 tenebrionum
