3328 5326
727 356 853 417 258
1071 363 1100 376 ’
1609 353 2220 416 ARISTOPHANES.

1094 546 1401 637 ᾄδοντας
1437 545 1659 617 αὐτὸν
1696 550 2032 633 ἐκκαλεῖν,
2072 546 2160 641 ἦν
2199 546 2275 615 τί
2305 571 2453 623 πως
2488 541 2801 621 ἀκούσας

1092 652 1372 741 τούμοῦ
1408 650 1664 740 μέλους
1703 651 1814 742 ὑφ’
1856 650 2113 745 ἡδονῆς
2141 646 2403 745 ἑρπύσῃ
2440 646 2738 743 θύραζε.

609 773 711 835 p.8
913 757 1092 826 XO.
1128 750 1239 843 ιγ’.
1299 752 1376 822 τί
1398 755 1550 823 ποτ’
1587 754 1672 823 οὐ
1699 752 1838 846 πρὸ
1863 754 2132 878 θυρῶν
2143 751 2408 845 φαίνετ
2441 751 2544 846 ἄρ’
2576 753 2754 848 ἡμῖν
2827 775 2981 844 στρ.
2998 747 3081 819 α’.

1299 858 1339 927 ὁ
1376 859 1623 950 γέρων,
1669 857 1815 926 οὐδ
1858 853 2240 948 ὑπακούει,

735 959 884 1032 275
915 963 1092 1029 XO.
1118 957 1211 1030 ιδ
1224 1013 1240 1030 .
1299 962 1458 1051 μῶν
1494 955 1923 1031 ἀπολώλεκεν
1960 958 2088 1035 τὰς

1293 1061 1605 1155 ἐμβάδας
1637 1065 1683 1159 ἢ
1717 1063 2080 1158 προςέκοψ’
2122 1067 2196 1134 ἑν

1293 1166 1396 1256 τῷ
1434 1165 1664 1256 σκότῳ
1702 1166 1832 1237 τὸν
1862 1163 2206 1236 δάκτυλόν
2242 1190 2382 1236 που

1295 1268 1505 1362 λίθῳ,
1535 1266 1668 1340 εἶτ’
1710 1267 2080 1365 ἑφλογώθη

1296 1371 1381 1443 τὸ
1412 1372 1687 1466 σφυρὸν
1721 1374 2052 1467 γέροντος
2087 1372 2325 1460 ὄντος,

733 1478 879 1549 280
1297 1476 1413 1546 καὶ
1451 1475 1597 1564 τάχ’
1642 1476 1731 1546 ἂν
1764 1472 2220 1570 βουβωνιῴη,

911 1583 1088 1651 ΧΟ.
1130 1577 1235 1650 ιε’.
1295 1575 1337 1675 ἦ
1365 1579 1504 1673 μην
1538 1578 1716 1649 πολὺ
1745 1576 2181 1675 δριμύτατός
2206 1580 2258 1667 γ’
2287 1573 2375 1673 ἦν
2400 1577 2546 1648 τῶν
2568 1579 2727 1672 παρ’
2760 1576 2961 1672 ἡμῖν,

1296 1682 1413 1752 καὶ
1449 1680 1673 1771 μόνος
1703 1684 1827 1753 οὐκ
1865 1683 1954 1752 ἂν
1990 1681 2317 1767 ἐπείθετ’,

1296 1786 1450 1856 ἀλλ’·
1476 1785 1670 1857 ὁπότ’
1713 1784 2123 1881 ἀντιβολοίη

1296 1914 1434 1970 τις,
1478 1887 1670 1960 κάτω
1708 1885 1993 1960 κύπτων
2030 1889 2118 1958 ἂν
2157 1888 2344 1958 οὕτω

730 1994 878 2065 285
1294 1990 1506 2063 λίθον
1543 1997 1742 2083 ἕψοις
1779 1993 2023 2081 ἔλεγεν.

908 2098 1086 2166 ΧΟ.
1128 2092 1238 2173 ις’.
1298 2096 1532 2184 ὕπαγ’,
1577 2091 1630 2165 ὦ
1669 2102 1825 2178 παῖ,
1869 2096 2113 2184 ὕπαγε.

906 2201 1084 2269 ΧΟ.
1122 2196 1230 2284 ιζ’.
1292 2195 1475 2287 τάχα
1514 2200 1572 2268 δ’
1617 2199 1706 2268 ἂν
1743 2198 1861 2269 διὰ
1896 2197 2023 2268 τὸν
2057 2197 2378 2287 χθιζινὸν
2417 2197 2703 2291 ἅνθρω-
2812 2196 2969 2266 ἀντ.
3003 2190 3089 2264 α’.

1296 2328 1461 2388 πον,
1505 2303 1584 2378 ὃς
1617 2302 1806 2397 ἡμᾶς
1843 2298 2137 2372 διαδύετ’

1294 2407 1688 2487 ἐξαπατῶν,
1731 2405 1943 2493 λέγων
1980 2407 2073 2481 ὥς

728 2511 875 2582 290
1293 2508 1412 2578 καὶ
1449 2504 1931 2602 φιλαθήναιος
1964 2503 2053 2601 ἦν
2087 2509 2206 2577 καὶ

1294 2612 1428 2682 τάν
1470 2607 1704 2701 Σάμῳ
1739 2613 2022 2705 πρῶτος
2057 2609 2407 2699 κατείποι,

1298 2714 1415 2785 διὰ
1450 2714 1640 2784 τοῦτ’
1685 2714 2085 2810 ὀδυνηθείς,

1293 2814 1411 2889 εἶτ’
1458 2820 1622 2936 ι’σως
1658 2824 1881 2888 κεῖται
1917 2821 2310 2913 πυρέττων.

907 2926 1085 2994 XO.
1115 2920 1231 3018 ιη’.
1295 2922 1443 2992 ἔστι
1478 2919 1609 3015 γὰρ
1648 2923 1980 3019 τοιοῦτος
2017 2920 2224 3019 ἁνήρ.

728 3028 875 3100 295
906 3029 1084 3097 ΧΟ.
1109 3024 1237 3098 ιθ
1300 3025 1469 3114 ἀλλ’,
1514 3020 1762 3113 ωγαθ,
1806 3024 2179 3116 ἀνίστασο,
2220 3027 2387 3121 μηδ’
2432 3018 2659 3102 οὕτως
2698 3023 2997 3097 σεαυτὸν

1294 3130 1517 3216 ἔσθιε,
1561 3129 1732 3225 μηδ’
1776 3126 2178 3218 ἀγανακτει·

1292 3232 1410 3302 καὶ
1445 3230 1577 3324 γὰρ
1618 3232 1795 3328 ἀνὴρ
1834 3232 2140 3319 παχύς“’
2092 3260 2242 3328 ηκει

1294 3338 1438 3405 τῶν
1474 3334 1888 3427 προδόντων
1926 3335 2097 3404 τάπὶ
2141 3332 2448 3429 Θρᾴκης,

932 3542 1009 3610 V.
1046 3540 1217 3613 278.
1277 3539 1538 3610 Addidi
1573 3539 1783 3629 λίθῳ,
1825 3540 2015 3630 quod
2052 3541 2402 3611 excidisse
2440 3549 2512 3609 et
2546 3562 2661 3610 res
2697 3552 2771 3610 et
2805 3548 3087 3610 metrum

725 3645 1055 3717 indicant.
1113 3641 1384 3714 Deinde
1423 3644 1783 3735 legebatur
1819 3639 1933 3712 εἶτ’
1977 3645 2398 3739 ἐφλέγμηνεν
2435 3644 2694 3732 αὐτοῦ,
2737 3664 2919 3736 quae
2954 3663 3089 3711 ma-

724 3750 975 3819 nifesta
1013 3747 1487 3841 interpretatio
1525 3755 1654 3829 est,
1696 3767 1828 3816 nec
1868 3749 2089 3839 potuit
2125 3746 2387 3817 vocalis
2424 3756 2586 3817 ante
2623 3775 2722 3836 γμ
2758 3745 3029 3840 corripi.

929 3853 1006 3922 V.
1042 3854 1215 3925 286.
1275 3851 1527 3921 Deerat
1565 3850 1674 3919 hic
1712 3871 1978 3921 versus
2040 3850 2420 3944 Oportebat
2456 3872 2629 3922 vero
2665 3850 2915 3922 iisdem
2942 3871 3090 3919 ver-

725 3955 833 4026 bis
866 3956 1050 4027 hanc
1086 3954 1444 4048 stropham
1471 3952 1674 4037 finiri,
1705 3954 1956 4045 quibus
1987 3954 2218 4024 finitur
2244 3976 2425 4045 quae
2454 3953 2769 4046 sequitur
2794 3953 3084 4048 stropha.

726 4058 999 4130 Cedunt
1035 4060 1218 4130 enim
1254 4058 1324 4128 hi
1362 4079 1567 4128 senes
1606 4058 1832 4128 locum
1871 4080 2070 4128 suum
2110 4058 2223 4138 iis,
2263 4058 2381 4149 qui
2419 4057 2706 4127 alteram
2745 4058 3088 4151 stropham

725 4172 891 4232 ante
927 4162 1209 4233 domum
1246 4161 1707 4232 Philocleonis
1745 4162 2083 4232 cantaturi
2121 4171 2300 4232 sunt.

932 4265 1008 4333 V.
1062 4266 1233 4337 297.
1317 4267 1471 4349 Quo
1541 4265 1716 4335 haec
1771 4274 2167 4358 spectarent
2218 4285 2359 4334 non
2410 4263 2606 4334 latuit
2660 4264 3084 4336 Guilielmum

725 4368 1154 4439 Roscherum
1207 4369 1276 4437 in
1325 4390 1410 4439 eo
1464 4369 1639 4437 libro
1679 4390 1885 4460 quem
1925 4368 2014 4439 de
2052 4366 2458 4460 Thucydide
2498 4368 2804 4460 scripsit,
2859 4391 2920 4459 p.
2969 4367 3079 4434 98.

724 4471 1007 4543 Addere
1060 4481 1366 4563 poterat,
1422 4474 1646 4564 ipsum
1685 4472 2128 4543 historiarum
2171 4471 2582 4564 scriptorem
2620 4468 3083 4563 Thucydidem

719 4598 834 4662 ec,
873 4574 1063 4669 quod
1100 4575 1275 4671 ἀνὴρ
1310 4575 1537 4664 παχὺς
1570 4586 1874 4659 vocatur,
1917 4574 2308 4667 signifi'cari.
