3328 5326
1217 357 1723 422 THEOCRITUS.
2470 311 2477 318 ο
2539 359 2665 422 325

284 554 498 625 ditum
535 561 644 622 est
678 547 901 642 ἐγγύς.
980 551 1080 620 Ea
1117 572 1367 623 caussa
1407 553 1593 622 enim
1629 552 1929 645 pedibus
1965 553 2178 624 boum
2215 552 2496 624 vincula
2532 574 2664 647 ap-

287 655 743 751 plicabantur,
795 663 873 726 ut
922 676 1134 747 quam
1172 656 1491 749 proxime
1536 656 1881 727 accedere
1918 665 2208 749 possent
2245 657 2659 749 mulgenteS‚

285 781 505 852 neque
541 760 697 830 illae
735 758 1257 830 excalcitrando
1293 780 1417 829 eos
1455 769 2000 851 prosternerent.

481 862 557 933 V.
598 861 764 933 104.
813 883 1069 933 vereor
1103 884 1192 933 ne
1214 916 1232 948 ‚
1270 863 1461 955 quod
1500 884 1594 933 ex
1629 863 2007 935 codicibus*
2032 862 2295 935 editum
2333 872 2464 947 est,
2504 883 2664 934 cor-

285 967 531 1037 rectori
566 966 934 1038 debeatur:

430 1069 633 1148 ἄλλος
668 1071 734 1140 δ’
776 1065 870 1139 αὗ
907 1067 1079 1161 φίλα
1113 1068 1322 1141 τέκνα
1361 1067 1598 1161 φίλαις
1632 1067 1775 1139 ὑπὸ
1810 1067 2171 1165 μητράσιν
2208 1074 2293 1140 ἵει

430 1174 800 1264 πινέμεναι
833 1178 1081 1268 λαροῑο
1119 1168 1453 1265 μεμαότα
1489 1167 1716 1262 πάγχυ
1751 1166 2121 1262 γάλακτος.

285 1278 893 1370 Supervacaneum
929 1285 1038 1347 est
1071 1277 1256 1348 enim
1293 1271 1548 1367 πάγχυ,
1602 1284 1673 1345 et
1726 1278 1977 1348 mirum
2024 1285 2362 1369 quantum
2401 1276 2667 1349 recedit

283 1402 323 1451 a
372 1381 659 1473 vulgata
708 1381 1084 1472 scriptura,
1146 1385 1423 1475 λιαροῖο
1481 1380 1835 1474 πέπληντο
1887 1380 1960 1452 δὲ
2008 1375 2234 1471 πάγχυ
2286 1376 2659 1469 γάλακτος.
2768 1425 2813 1457 a

282 1485 513 1568 Quare
550 1483 728 1554 haec
765 1484 866 1555 sic
904 1506 947 1553 a
985 1493 1196 1578 poeta
1232 1483 1488 1577 scripta
1522 1483 1883 1555 videntur:

432 1586 640 1664 ἄλλος
674 1588 741 1657 δ’
782 1580 875 1657 αὖ
913 1586 1084 1681 φίλα
1116 1587 1325 1658 τέκνα
1363 1584 1601 1680 φίλαις
1637 1586 1777 1658 ὑπὸ
1812 1582 2170 1683 μητράσιν
2210 1592 2296 1658 ἵει

432 1689 826 1782 πινέμεναι·
868 1689 1090 1786 λαροῦ
1126 1689 1200 1761 δὲ
1234 1684 1588 1787 πεπλήατο
1626 1688 1854 1779 πάγχυ
1888 1689 2257 1781 γάλακτος.

283 1794 422 1865 Nisi
460 1794 617 1885 quis
652 1794 875 1864 malit:
917 1794 1233 1885 πινέμεν,
1277 1798 1629 1888 αἲλαροὶο
1658 1791 2013 1890 πεπλήατο
2041 1791 2269 1883 πάγχυ
2296 1791 2663 1884 γάλακτος.

485 1897 565 1966 V.
604 1895 774 1966 114.
807 1897 1113 1968 servavit
1147 1896 1534 1968 Meinekius
1568 1897 1922 1989 vulgatam
1960 1901 2407 1991 scripturam:

432 1997 783 2090 ἐκπάγλως
815 1998 1148 2093 θαύμαζε
1179 2001 1371 2092 βοῶν
1404 1995 1563 2090 τόγε
1600 1999 1865 2095 μυρίον
1901 2000 2138 2079 ἔθνος.

285 2103 715 2197 Languidum
752 2103 926 2175 illud
962 2098 1122 2193 τόγε
1149 2112 1344 2174 certo
1371 2124 1513 2173 non
1544 2114 1653 2175 est
1678 2125 1719 2174 a
1749 2116 1955 2197 poeta
1983 2104 2396 2197 profectum.
2452 2103 2671 2175 Valde

283 2209 590 2279 attritum
642 2208 854 2278 fuisse
909 2208 978 2276 in
1032 2207 1169 2277 hoc
1206 2229 1416 2278 versu
1454 2207 2007 2298 antiquissimum
2045 2205 2365 2278 codicem
2406 2207 2674 2279 discre-

281 2310 520 2405 pantia
556 2310 890 2382 librorum
925 2310 1178 2403 prodit,
1219 2310 1287 2379 in
1318 2310 1569 2403 quibus
1599 2320 1709 2381 est
1735 2311 1929 2382 θεῶν
1953 2307 2120 2382 τότε
2145 2308 2411 2406 μυρίον
2438 2313 2667 2401 ἕδνον,

271 2415 472 2486 θεῶν
509 2409 674 2485 τότε
707 2413 971 2511 μυρίον
1008 2413 1240 2509 ἔργον,
1293 2425 1365 2485 et
1415 2415 1485 2483 in
1536 2415 1809 2486 Iuntina
1851 2412 2221 2506 θαύμαζεν
2271 2413 2469 2506 ὁμῶς
2511 2409 2676 2486 τότε

282 2517 547 2613 μυρίον
600 2517 835 2596 ἔθνος.
927 2518 1303 2611 Scripsisse
1354 2518 1633 2590 videtur
1685 2528 1894 2611 poeta
1937 2518 2128 2610 βοοῖν
2176 2515 2371 2609 μάλα
2413 2516 2678 2612 μυρίον

283 2622 534 2711 ἔθνος,
608 2644 746 2715 qua
805 2623 1102 2694 formula
1167 2644 1334 2695 usus
1397 2633 1506 2694 est
1566 2646 1633 2694 v.
1697 2624 1816 2695 88.
1879 2632 1952 2693 et
2008 2621 2353 2695 Homerus
2420 2621 2670 2716 Odyss.

283 2725 453 2795 XVl.
504 2727 675 2798 121.

492 2828 568 2898 V.
623 2830 790 2902 122.
901 2829 1027 2900 Hic
1081 2853 1361 2923 quoque
1421 2828 1988 2925 καταφθείρουσι
2055 2830 2473 2899 correctoris
2543 2839 2672 2899 est.

286 2932 494 3016 Quod
532 2933 818 3004 codices
854 2932 1147 3018 habent,
1186 2932 1754 3026 καταφθίνουσι,
1801 2932 2186 3003 Meinekius
2224 2929 2678 3023 καταφθινύ-

284 3044 510 3108 θουσι
559 3036 1010 3107 scribendum
1062 3026 1499 3107 coniiciebat.
1588 3036 1869 3106 Poterat
1907 3036 2115 3106 etiam
2154 3035 2424 3106 facilius
2462 3061 2676 3104 κατα-

287 3138 619 3230 φθίουσι.

492 3242 568 3313 V.
623 3243 791 3315 137.
835 3242 1187 3314 tollendus
1232 3243 1526 3314 vitiosus
1578 3241 1808 3313 dualis
1857 3238 2229 3313 λεύσσοντε
2265 3263 2391 3334 pro
2428 3239 2679 3334 plurali

292 3346 580 3436 posituS‚
619 3347 689 3417 in
727 3369 866 3440 quo
905 3348 1115 3418 etiam
1156 3346 1572 3418 Schaeferus
1611 3345 1893 3430 erravit,
1932 3344 2050 3438 qui
2087 3344 2222 3415 hoc
2259 3366 2472 3416 versu
2508 3364 2679 3415 usus

286 3459 428 3533 est,
482 3459 559 3521 ut
605 3448 931 3536 κλάζοντε
981 3474 1050 3522 v.
1102 3449 1220 3523 72.
1256 3449 1702 3534 defenderet,
1761 3449 1880 3521 ubi
1932 3471 2120 3519 nunc
2171 3470 2265 3519 ex
2313 3448 2680 3520 verissima

285 3553 779 3627 emendatione
815 3554 1074 3625 Reiskii
1109 3552 1358 3639 κλάζων
1391 3581 1472 3625 τε
1507 3554 1778 3646 legitur.
1863 3554 1963 3624 Ita
2015 3552 2128 3624 hic
2176 3574 2456 3646 quoque
2508 3551 2683 3622 scri-

290 3654 633 3729 bendum:

446 3761 675 3832 ὃεινὸν
713 3763 776 3832 δ’
816 3761 1214 3856 ε’βρυχῶντο
1255 3755 1480 3852 φόνον
1516 3757 1813 3831 λεῦσσόν
1849 3788 1925 3830 τε·
1960 3756 2335 3856 προςώπῳ,

290 3859 424 3933 hoc
462 3875 570 3935 est
604 3864 832 3935 δεινὸν
872 3860 1102 3957 φόβον
1137 3863 1534 3960 ε’βρυχῶντο
1571 3863 1688 3933 καὶ
1726 3862 2078 3934 ἔλευσσον.

498 3970 698 4053 Quae
734 3989 776 4038 a
814 3990 877 4038 v.
917 3970 1086 4039 153.
1131 3968 1485 4060 leguntur,
1541 3967 1927 4039 Meinekius
1977 3976 2256 4037 servata
2293 3974 2491 4059 parte
2529 3965 2684 4037 vul-
2704 3984 2876 4047 μνη

290 4070 475 4160 garis
513 4071 898 4164 scripturae
935 4073 1036 4143 sic
1075 4072 1334 4165 scripta
1371 4071 1601 4142 dedit:

499 4175 598 4246 τῶ
636 4176 696 4245 δ’
736 4177 838 4253 εἰς
873 4174 1052 4247 ἄστυ
1087 4171 1373 4267 λιπόντε
1409 4171 1812 4246 καταυτόθι
1847 4171 2101 4249 πίονας
2138 4170 2399 4267 ἀγροὺς

497 4279 880 4374 ἑστιχέτην,
932 4276 1199 4354 Φυλεύς
1232 4305 1304 4350 τε
1342 4276 1461 4374 βίη
1500 4278 1570 4348 θ’
1604 4275 2053 4372 Ἡρακληείη.

498 4376 864 4476 λαοφόρου
900 4380 961 4450 δ’
1001 4384 1346 4476 ἐπέβησαν
1384 4380 1510 4452 ὅθι
1545 4375 1915 4475 πρώτιστα
1952 4376 2314 4469 κελεύθου,
2539 4381 2684 4450 155

504 4482 756 4582 λεπτήν
792 4482 1294 4579 καρπαλίμοισι
1331 4480 1579 4577 τρίβον
1616 4482 1827 4554 ποσὶν
1862 4478 2351 4571 ἑξανύσαντες,

502 4586 546 4683 ἥ
580 4593 674 4684 ῥα
710 4588 792 4658 δι’
835 4588 1277 4680 άμπελεῶνος
1314 4584 1455 4656 ἀπὸ
1493 4586 1845 4678 σταθμῶν
1882 4583 2269 4658 τετάνυστο
