3328 5326
1288 369 1628 436 ullumve.
2536 373 2671 436 363

586 558 694 655 ἤτ’
735 558 958 656 ἄκρην
992 559 1189 656 παρὰ
1221 566 1404 632 θῖνα
1433 560 1576 638 θεὰ
1612 556 2076 638 Παυκῶπιον
2114 568 2262 646 ἆζοι.

274 661 499 740 Aliter
524 661 872 738 restitutio
894 673 1159 738 tentata
1182 664 1380 738 estin
1396 664 1752 739 Thesauro
1765 664 2076 740 Parisino
2095 664 2659 742 vssawmtnm.

273 765 471 838 Illum
519 765 842 858 quidem,
894 789 936 838 a
981 789 1125 860 quo
1177 769 1534 861 profectus
1582 790 1773 853 sum,
1826 768 2091 844 Mummi
2141 789 2417 842 versum
2463 769 2665 842 Calli·-

272 868 568 942 machus
621 892 761 946 uon
815 872 1136 956 fecisset,
1174 893 1314 944 non
1361 882 1647 968 propter
1684 882 1825 946 tres
1861 872 2247 965 sponde08‚
2295 872 2423 946 sed
2475 874 2665 967 quod

272 995 456 1050 unus
509 994 762 1050 eorum.
804 974 985 1048 iusto
1036 976 1259 1048 levior
1317 987 1444 1050 est.
1536 975 1742 1060 Quod
1795 976 1853 1048 si
1890 976 2217 1050 Musurus
2264 997 2509 1048 verum
2556 988 2673 1050 est

272 1076 741 1155 coniectando
778 1089 1166 1163 assecutuS,
1205 1080 1308 1152 sic
1345 1080 1723 1172 scripserat
1758 1078 2252 1154 Callimachus:

483 1178 798 1276 φρούρια
830 1182 948 1254 καὶ
982 1180 1218 1273 κῶμαί
1243 1209 1326 1256 τε
1358 1184 1668 1277 Λοκρῶν
1704 1182 1823 1254 καὶ
1858 1181 2203 1275 Δελφίδος
2236 1181 2472 1278 ἄκραι.

272 1283 418 1358 Sed
455 1284 515 1354 si
550 1283 654 1360 sic
689 1286 988 1377 scripsit,
1028 1286 1432 1358 necessario
1467 1295 1588 1359 aut
1622 1285 2073 1362 statuendum
2104 1296 2216 1356 est
2249 1287 2458 1361 alium
2497 1311 2659 1360 ver·-

268 1409 430 1462 sum
480 1396 642 1464 ante
688 1387 873 1462 hunc
925 1389 1283 1474 interisse,
1341 1390 1503 1481 quia
1549 1390 1802 1482 copula
1839 1389 2069 1474 deest,
2108 1409 2246 1481 qua
2284 1389 2461 1464 haec
2499 1413 2658 1464 cum
2676 1407 2791 1469 με

266 1511 694 1585 praegresso
723 1489 920 1568 ὁπότ’
963 1492 1052 1568 ἂν
1088 1494 1416 1585 coniungi
1468 1492 1859 1578 debebant,
1913 1504 2032 1568 aut
2085 1492 2462 1568 delendum
2499 1515 2658 1566 esse

263 1605 491 1666 totum
529 1616 839 1679 versum,
878 1594 1072 1687 quod
1117 1598 1337 1672 suasit
1373 1596 1865 1672 Schneiderus.
1953 1597 2327 1672 Piobarem
2378 1597 2547 1682 hoc,
2598 1600 2658 1670 si

261 1699 413 1769 veri
450 1699 672 1770 simile
701 1697 1082 1774 videretur.
1140 1698 1231 1772 At
1267 1701 1399 1772 etsi
1438 1722 1577 1771 non
1614 1711 1727 1771 est
1758 1700 1873 1772 hic
1910 1722 2163 1774 versus
2194 1703 2264 1773 in
2293 1701 2457 1772 Mss,
2490 1700 2659 1770 Am-

261 1801 649 1886 brosianiS,
706 1812 941 1876 tamen
991 1824 1124 1896 pro
1174 1825 1260 1874 eo
1315 1804 1630 1878 relictum
1675 1815 1784 1876 est
1827 1825 2128 1878 vacuum
2171 1805 2493 1897 spatium.
2570 1805 2662 1875 Et

262 1928 485 1998 quum
550 1906 619 1975 in
685 1905 837 1982 aliis
901 1928 1040 1978 non
1108 1908 1369 1980 Musuri
1433 1909 1918 2002 supplementa
1982 1907 2400 1982 habentibus
2463 1908 2655 1978 libris

265 2007 583 2104 φρούρια
620 2020 692 2082 et
727 2006 1038 2116 φρούρια
1074 2012 1191 2084 καὶ
1230 2012 1570 2103 reliquum
1605 2013 1718 2096 sit,
1757 2011 2014 2084 indicia
2049 2021 2332 2085 exstant
2371 2012 2657 2086 minime

258 2112 519 2197 dubia,
566 2134 749 2204 quae
794 2112 1094 2205 aliquem
1133 2113 1246 2188 hic
1281 2136 1561 2188 versum
1599 2115 1912 2190 adfuisse
1963 2114 2401 2188 confirment.
2512 2117 2656 2188 lam

259 2214 435 2309 quid
488 2215 622 2292 sibi
674 2216 919 2290 volunt
969 2218 1103 2290 ista
1154 2214 1513 2314 φρούριαῖ
1561 2239 1910 2310 quaenam
1952 2220 2082 2292 ista
2120 2219 2407 2294 castella
2444 2221 2657 2292 mut?

259 2330 387 2392 aut
438 2318 606 2412 quid
656 2321 939 2392 omnino
991 2342 1168 2413 opus
1220 2332 1329 2394 est
1378 2323 1729 2396 castellis?
1819 2321 2195 2396 Videamus
2245 2343 2415 2394 vero
2469 2344 2657 2414 quae

254 2423 729 2518 praecedunt:

523 2525 854 2622 τείρεσιν,
893 2525 1100 2623 ἡνίκα
1135 2532 1424 2600 πλεῖστα
1459 2531 1605 2602 κατ’
1644 2530 1819 2625 ἠέρα
1853 2528 2379 2618 βουωλώνται.

258 2632 457 2704 Bene
496 2630 856 2724 perspexit
883 2630 1376 2718 Schneiderus,
1413 2654 1660 2726 parum
1697 2642 1856 2728 apte
1890 2634 2065 2729 ἠέρα
2101 2633 2494 2719 memorari,
2535 2633 2656 2706 uhi

262 2737 532 2830 αἰθέρα
594 2735 855 2807 dictum
914 2737 1302 2829 oportebat.
1413 2737 1540 2811 Est
1596 2759 1764 2811 vero
1819 2737 2028 2811 etiam
2081 2737 2269 2811 aliud
2333 2738 2650 2811 offensui.

255 2839 439 2911 Nam
490 2839 621 2916 etsi
670 2842 960 2913 πλεῖστα
1012 2841 1256 2915 referri
1294 2839 1384 2913 ad
1423 2839 1727 2936 τείρεσιν
1764 2851 2029 2934 potest,
2077 2852 2309 2913 tamen
2360 2844 2655 2914 insuave

256 2954 371 3017 est
418 2943 671 3015 remitti
721 2943 1060 3015 lectorem
1094 2943 1206 3014 vel
1244 2944 1634 3017 auditorem
1687 2945 1780 3017 ad
1829 2962 2320 3038 praegressum
2369 2966 2653 3029 nomen,

258 3047 386 3118 ubi
448 3046 882 3123 concinnitas
942 3057 1013 3117 et
1079 3047 1428 3140 elegantia
1492 3048 1829 3122 orationis
1893 3047 2125 3139 potius
2177 3069 2433 3119 novum
2482 3048 2653 3119 addi

253 3171 522 3225 nomen
559 3149 976 3243 postulabat.
1054 3149 1132 3222 Id
1168 3170 1427 3223 nomen
1464 3172 1823 3223 sumamus
1860 3147 2179 3245 φρούρια
2212 3171 2393 3221 esse.
2479 3152 2649 3223 Tum

255 3276 441 3345 quae
505 3253 818 3346 sequitur
879 3253 1126 3346 copula
1193 3254 1445 3327 iustum
1519 3255 1899 3329 narrationi
1973 3274 2235 3330 nexum
2305 3254 2653 3339 restituet,

252 3379 494 3450 neque
552 3358 692 3429 iam
743 3378 920 3449 opus
976 3358 1108 3429 erit
1164 3367 1239 3429 ut
1291 3368 1453 3431 ante
1508 3354 1827 3454 φρούρια
1880 3379 2129 3431 versus
2191 3357 2447 3433 deesse
2496 3380 2655 3429 cre—

253 3461 488 3537 datur,
545 3461 640 3537 At
663 3460 898 3537 stellas
929 3457 1241 3555 φρούρια
1270 3461 1435 3546 dici,
1464 3483 1693 3554 eaque
1716 3464 1861 3535 κατ’
1898 3463 2070 3558 ἠέρα
2097 3456 2646 3553 βουκολούμενοι,

253 3565 379 3635 vix
415 3567 488 3636 in
526 3574 735 3658 poeta
774 3563 1283 3657 dithyrambicc
1321 3567 1683 3637 ferremus.
1743 3566 1983 3650 Quare
2014 3565 2414 3639 credibilius
2450 3564 2650 3635 vide-—

256 3677 369 3738 tur
400 3664 717 3763 φρούρια
744 3678 978 3741 ortum
1003 3690 1166 3739 esse
1201 3689 1295 3741 ex
1321 3669 1697 3743 obscurata
1725 3671 1901 3743 alius
1925 3670 2254 3743 vocabuli
2282 3669 2643 3761 scriptura.

254 3771 532 3866 Optime
571 3773 810 3845 omnia
841 3772 1251 3864 procedent,
1291 3772 1348 3845 si
1385 3775 1786 3867 putabimus
1822 3774 2159 3868 seriptum
2195 3772 2442 3849 fuisse:

878 3874 1085 3971 ἡνίκα
1121 3880 1412 3946 πλεῖστα
1449 3875 1766 3972 κατήορα
1800 3878 2297 3969 βουκολεόωτω

569 3980 844 4072 (pinea.

252 4082 646 4177 Vituperari
673 4081 855 4155 hanc
883 4082 1362 4155 coniecturam
1387 4105 1527 4154 non
1556 4104 1768 4177 posse
1802 4083 2143 4174 intelligo:
2182 4103 2421 4154 venam
2444 4106 2649 4178 pree-

254 4197 440 4265 stare
479 4188 552 4258 in
587 4197 782 4261 tanta
817 4185 1058 4279 hymni
1094 4186 1597 4279 depravatione
1633 4209 1775 4258 non
1815 4187 2058 4259 ausim.

463 4290 866 4384 Pergamus,
903 4290 1575 4383 consideremusque
1614 4313 1898 4365 versum
1938 4290 2033 4361 ⁴7
2042 4292 2109 4360 8.

564 4393 680 4465 καὶ
717 4390 921 4465 πεδία
955 4398 1279 4488 Κρισαῑα
1314 4394 1430 4465 καὶ
1469 4394 1792 4490 ἠπείροιο
1831 4391 2179 4487 φάραγγες
2292 4448 2299 4459 .

566 4495 1364 4591 ἀμφιπεριστείνωωται.

258 4597 621 4695 &deame
656 4601 921 4671 Musuri
956 4601 1520 4693 supplementum
1558 4598 1863 4685 videtur,
1904 4622 2033 4693 pro
2070 4622 2212 4693 quc
2244 4602 2317 4673 in
2354 4600 2644 4692 quibus-
