3328 5326
1206 346 1711 409 THEOCRITUS.
2519 349 2637 410 33⁴

293 548 508 611 autem
536 536 911 621 secunduS,
941 546 1264 630 quattuor
1292 538 1621 609 tristichis
1650 539 2096 624 alternanteS,
2127 561 2308 631 quae
2344 562 2384 611 a
2421 563 2487 611 v.
2524 544 2642 614 30.

291 644 582 735 longiore
619 641 1059 734 excipiuntur
1093 663 1418 713 sermone
1457 641 1866 735 Corydonis,
1909 652 2066 735 post
2104 665 2315 735 quem
2351 665 2393 715 a
2426 669 2491 716 ι’.
2524 643 2642 716 46.

288 767 636 840 perperam
707 744 1077 816 distinctae
1139 756 1299 817 sunt
1360 748 1552 818 vices
1613 767 2106 839 personarum:
2175 769 2336 818 nam
2398 770 2646 820 versus
2664 768 2767 829 με

291 847 596 920 44-53,
627 869 871 920 omnes
898 858 1061 920 sunt
1087 848 1292 934 Batti,
1323 849 1829 942 respondentes
1857 850 2013 937 illis,
2043 850 2297 942 quibus
2327 849 2647 944 Corydon

287 972 325 1021 a
356 976 422 1024 v.
456 955 573 1024 30.
605 964 755 1023 erat
798 953 1091 1024 locutus.
1176 951 1265 1022 At
1299 953 1370 1024 hi
1410 952 1795 1046 Corydonis
1841 964 2003 1028 sunt
2050 974 2345 1039 novem,
2398 954 2647 1026 decem

285 1067 500 1127 autem
537 1055 750 1141 Batti,
808 1065 880 1128 ut
931 1057 1375 1127 manifestum
1425 1058 1515 1128 sit
1562 1057 1896 1128 omissum
1948 1078 2106 1128 esse
2154 1056 2224 1128 in
2264 1058 2648 1151 Corydonis

286 1179 592 1230 sermone
643 1181 858 1232 unum
902 1179 1197 1231 versum.
1272 1161 1335 1234 Is
1361 1161 1492 1232 ubi
1526 1160 1872 1232 exciderit
1916 1181 2056 1232 non
2091 1171 2325 1254 potest
2359 1161 2648 1235 dubium

285 1284 458 1334 esse:
501 1284 641 1334 non
677 1264 864 1334 enim
901 1272 1092 1334 recte
1129 1263 1448 1356 procedit
1481 1266 1703 1335 oratio
1740 1264 1809 1333 in
1847 1263 1954 1334 his
1990 1286 2059 1334 v.
2097 1267 2214 1334 34.

473 1360 603 1461 κηῦ
637 1365 769 1457 μὲν
804 1363 897 1436 τὰ
923 1362 1242 1444 statinae
1266 1364 1744 1462 ἀγκρούομαι,
1788 1363 1864 1438 εὖ
1900 1365 1971 1438 δὲ
2008 1367 2099 1437 τὰ
2136 1365 2434 1463 Πύρρου·

474 1471 683 1541 αι”νεω
720 1466 858 1540 τάν
892 1495 967 1540 τε
958 1466 1385 1591 ”Kpo'wva-
1428 1468 1602 1541 καλοὶ
1628 1468 1882 1548 πόλις
1852 1469 1898 1540 οἱ
1923 1496 1995 1540 τε
2029 1468 2408 1547 Ζάκυνθος

468 1600 587 1642 και
624 1570 709 1642 τὸ
745 1571 1078 1663 ποταῷον
1111 1571 1196 1643 τὸ
1231 1572 1609 1645 Λακίνιον.
1952 1605 1959 1612 ·

278 1673 607 1767 Apertum
652 1685 760 1746 est
807 1696 948 1745 non
999 1675 1381 1747 cohaerere
1434 1677 1641 1761 haec,
1691 1676 1820 1747 sed
1866 1687 2024 1769 post
2068 1635 2363 1770 primum
2400 1676 2648 1750 horum

277 1800 593 1850 versuum
639 1778 1071 1851 nominat-am
1125 1780 1336 1851 fuisse
1372 1781 1575 1851 aliam
1617 1781 1857 1851 urbem
1897 1779 2134 1851 addita
2172 1808 2250 1851 τε
2285 1781 2646 1873 particula,

275 1881 358 1952 ad
391 1904 602 1974 quam
641 1883 755 1953 illa
792 1903 974 1975 quae
1005 1892 1161 1976 post
1185 1881 1545 1977 Κρότωνα
1575 1893 1683 1953 est
1710 1885 2105 1955 referretur.
2164 1884 2402 1956 Finem
2430 1886 2647 1956 collo-

276 1986 406 2077 quii
457 1987 724 2057 faciunt
773 1984 1094 2079 Corydon
1143 1996 1207 2056 et
1262 1987 1499 2059 Battus
1553 1986 1829 2058 duobus
1881 1988 2169 2079 singulis
2220 1988 2540 2060 versibus
2577 1998 2650 2058 et

277 2088 482 2160 tribus
519 2089 869 2175 distichis,
922 2112 1214 2181 quorum
1257 2091 1568 2162 ultimum
1600 2091 1695 2160 illi
1729 2090 1946 2161 videri
1985 2100 2216 2184 potest
2251 2094 2646 2186 oppositum

273 2212 443 2277 esse,
483 2192 676 2286 quod
713 2192 965 2286 proodi
1004 2194 1162 2264 loco
1200 2194 1706 2265 numerandum
1745 2194 2087 2266 dicebam.

465 2296 1010 2369 Accuratissime
1047 2297 1479 2369 elaboratum
1508 2306 1617 2368 est
1641 2298 1783 2389 qui
1804 2307 2036 2369 ntum
2066 2298 2375 2391 idyllion,
2405 2299 2475 2368 in
2504 2319 2644 2391 quo
2665 2309 2708 2359 V

274 2398 502 2471 similis
541 2400 891 2473 invenitur
926 2399 1401 2494 respondendi
1437 2400 1828 2472 conversio.
1895 2401 2022 2472 Est
2050 2403 2243 2484 ¹enim
2281 2402 2376 2472 ita
2412 2401 2646 2474 distri-

266 2501 524 2588 butum,
567 2514 638 2574 ut
680 2504 1000 2575 Comatas
1037 2514 1108 2575 et
1142 2505 1328 2576 Laco
1362 2506 1658 2598 primum
1690 2504 1831 2577 duo
1863 2504 2180 2590 disticha,
2219 2504 2478 2576 deinde
2514 2527 2648 2576 sex

272 2606 578 2679 tristicha
624 2607 955 2695 habeant,
1003 2617 1162 2702 post
1213 2630 1394 2702 quae
1433 2608 1754 2681 Comatas
1791 2611 2083 2702 primam
2120 2619 2388 2704 partem
2426 2611 2649 2681 collo-

272 2711 406 2802 quii
442 2712 748 2783 disticho
785 2713 1128 2784 terminet.
1189 2713 1358 2785 Tum
1389 2714 1573 2784 enim
1603 2714 1741 2784 iam
1769 2735 1911 2784 non
1947 2715 2131 2785 Laco
2161 2713 2487 2785 Comatae
2515 2714 2645 2785 sed

270 2812 586 2886 Comatas
637 2816 926 2902 Laconi,
978 2816 1392 2910 respondet,
1450 2839 1631 2909 quae
1684 2828 1791 2888 est
1842 2819 2057 2888 altera
2094 2839 2289 2911 parS,
2344 2817 2484 2889 duo
2522 2820 2645 2890 tri-

268 2918 512 3005 sticha,
564 2918 706 2991 duo
745 2919 1184 3004 tetrasticha,
1240 2920 1369 2991 tria
1422 2920 1741 3005 disticha,
1782 2921 1910 2991 tria
1946 2921 2380 3013 pentasticha
2420 2922 2646 2992 conti-

265 3042 466 3108 nenS,
523 3023 688 3115 quia
742 3031 1071 3094 manente
1119 3044 1246 3116 per
1299 3033 1518 3093 totum
1572 3024 1990 3115 colloquium
2045 3024 2503 3095 alternatione
2548 3025 2641 3095 ibi

263 3124 595 3219 imparem
644 3147 802 3198 esse
857 3148 1223 3198 numerum
1269 3127 1713 3220 stropharum
1767 3126 1892 3221 (sic
1965 3127 2150 3196 enim
2200 3125 2630 3219 vocabimus)
2706 3176 2711 3183 ·

267 3248 560 3301 necesse
595 3241 725 3315 est,
763 3230 885 3302 ubi
921 3251 1161 3302 earum
1200 3231 1754 3323 comparationes
1790 3239 2166 3314 mutantur,
2198 3241 2273 3302 ιιι
2307 3241 2467 3324 post
2501 3240 2642 3301 ter-

265 3333 427 3405 tium
462 3334 814 3406 distichon
853 3333 1197 3419 ComataS,
1236 3344 1394 3427 post
1421 3334 1699 3407 tertium
1729 3333 2213 3428 pentastichon
2241 3334 2426 3405 Laco
2455 3334 2644 3427 prior

265 3435 368 3521 sit,
407 3458 640 3530 eoque
676 3437 923 3509 ordine
960 3438 1091 3508 illis
1130 3437 1466 3531 deinceps
1512 3449 1794 3509 ceterae
1831 3437 2161 3531 strophae
2198 3459 2442 3509 omnes
2480 3448 2642 3511 sunt

267 3540 586 3612 tributae.
690 3540 925 3612 Finem
987 3541 1206 3635 idyllii
1267 3542 1586 3613 absoluto
1649 3541 1905 3613 horum
1969 3542 2319 3634 colloquio
2381 3542 2645 3614 faciunt

264 3642 493 3717 Morso
544 3644 762 3716 iudex
807 3644 1195 3717 advocatus
1249 3645 1469 3717 tribus
1519 3655 1592 3715 et
1629 3646 1952 3717 Comatas
2007 3645 2255 3717 decem
2294 3646 2635 3717 versibus

263 3745 579 3820 Ceterum
616 3749 740 3819 vix
775 3769 952 3842 opus
989 3759 1096 3831 est
1133 3759 1206 3821 ut
1243 3748 1522 3834 addam,
1562 3771 1704 3820 non
1740 3751 2000 3820 laesam
2037 3749 2419 3820 existimari
2456 3749 2641 3843 pari-

261 3858 469 3922 tatem
506 3851 875 3937 dictorum,
914 3852 997 3938 si,
1036 3852 1227 3945 quod
1264 3874 1549 3946 perraro
1590 3851 1691 3937 fit,
1731 3854 1904 3924 alter
1932 3873 2153 3945 pauca
2181 3851 2398 3923 verba
2427 3853 2644 3924 inter-

261 3952 583 4048 loquitur,
623 3964 699 4026 ut
733 3979 800 4026 V.
837 3958 956 4027 60.
988 3956 1075 4027 τι)
1112 3954 1299 4028 κάλει
1335 3983 1475 4045 νιν,
1520 3967 1590 4027 et
1616 3957 1700 4026 X.
1740 3960 1856 4027 45.
1891 3955 1936 4027 ἁ
1965 3952 2391 4047 Πολυβώτα.

461 4059 732 4130 Eadem
769 4080 951 4152 quae
989 4060 1057 4129 in
1096 4061 1636 4152 colloquentium
1675 4059 1881 4133 dictis
1924 4059 2300 4133 observata
2337 4070 2445 4131 est
2482 4081 2647 4154 par-

267 4160 428 4233 tium
466 4162 896 4256 comparatio
934 4163 1283 4234 invenitur
1319 4163 1529 4234 etiam
1566 4164 1633 4232 in
1663 4164 1951 4256 integris
1979 4184 2162 4254 quae
2197 4163 2311 4233 vel
2349 4162 2492 4236 duo
2530 4165 2643 4235 vel

266 4287 440 4338 unus
491 4268 678 4341 canit
730 4266 1173 4338 carminibus.
1266 4268 1340 4336 In
1391 4288 1611 4338 nono
1662 4267 1897 4360 idyllio
1945 4265 2088 4339 duo
2136 4275 2300 4337 sunt
2333 4268 2639 4339 carmina
2664 4277 2737 4328 IX

263 4378 531 4462 septem
564 4391 924 4454 versuum,
978 4369 1229 4461 quibus
1281 4370 1461 4440 inter
1497 4391 1576 4441 se
1619 4380 1890 4441 certant
1925 4369 2233 4463 Daphnis
2271 4380 2344 4442 et
2377 4371 2642 4447 Menal-

264 4490 399 4543 cas.
484 4474 590 4545 De
626 4474 734 4545 his
770 4473 957 4545 nulla
995 4482 1103 4543 est
1137 4472 1509 4545 dubitatio:
1561 4473 1691 4545 sed
1738 4483 1958 4545 totum
1996 4473 2280 4568 idyllion
2316 4475 2410 4546 ita
2447 4495 2643 4545 com-

257 4586 572 4666 paratum
626 4587 769 4662 est,
824 4586 931 4662 ut,
974 4576 1033 4648 si
1070 4576 1181 4646 illa
1218 4577 1361 4648 duo
1398 4579 1709 4649 carmina
1747 4598 1787 4647 a
1828 4577 2194 4650 Theocrito
2236 4580 2416 4649 facta
2452 4584 2638 4661 sunt,
