3328 5326
1606 1529 2329 1641 ATTIUS.

1113 2016 1230 2098 DE
1282 2015 1357 2097 L.
1396 2013 1648 2098 ΑΤΤΠ
1700 2011 1999 2097 LIBRIS
2052 2009 2731 2096 DIDASGALIGON.
2746 2015 2810 2111 *l

654 2249 753 2311 p.3
986 2228 1075 2298 Io.
1111 2227 1472 2299 Nicolaum
1509 2226 1927 2320 Madvigium
1974 2226 2045 2295 in
2097 2247 2184 2297 ea
2229 2224 2753 2308 dissertatione,
2807 2244 3006 2315 quam
3049 2219 3120 2291 de

777 2331 849 2400 L.
891 2329 1057 2402 Attii
1102 2343 1355 2425 poetae
1391 2330 1845 2402 Didascalicis
1896 2331 2203 2424 scripsit,
2256 2349 2438 2421 quae
2486 2336 2600 2399 est
2636 2325 2707 2396 in
2743 2327 2893 2397 eius
2927 2325 3123 2419 Opus-

776 2434 947 2504 culis
984 2458 1050 2528 p.
1088 2435 1205 2505 87.
1240 2458 1433 2528 seqq.
1467 2435 1560 2505 ita
1601 2434 2003 2504 existimare
2045 2434 2288 2517 vide0,
2345 2432 2555 2503 fuisse
2609 2430 2779 2501 istos
2817 2428 3115 2501 Didasca-

775 2537 957 2607 licon
999 2538 1211 2608 libros
1255 2559 1461 2632 prosa
1504 2539 1818 2607 oratione
1862 2538 2314 2631 conscriptos.
2389 2535 2463 2606 Id
2511 2556 2725 2627 quum
2769 2530 3117 2626 argumenti

775 2640 1043 2712 ratione
1079 2642 1558 2735 exemplisque
1587 2635 2034 2726 Graecorum,
2064 2641 2570 2737 quos-imitatus
2608 2638 2697 2709 sit
2730 2636 2974 2722 Attius,
3002 2646 3116 2706 tum

775 2744 1209 2838 apertissime
1247 2745 1649 2838 fragmentis
1688 2745 1840 2815 libri
1877 2746 2044 2814 noni
2082 2745 2476 2816 confirmari
2511 2753 2730 2839 putat..
2816 2743 2960 2835 Ego
2994 2739 3121 2833 qui-

775 2847 975 2932 dem,
1022 2869 1438 2941 quamquam
1495 2848 1672 2919 haec
1711 2849 1862 2919 veri
1908 2850 2154 2919 similia
2210 2871 2369 2919 esse
2415 2847 2754 2939 intelligo,
2796 2857 3013 2916 tamen
3044 2864 3117 2912 an

775 2974 941 3022 vera
997 2953 1134 3022 sint
1184 2953 1426 3024 dubito
1481 2952 1957 3023 vehementer.
2059 2953 2230 3023 Nam
2285 2952 2473 3045 quod
2525 2951 2615 3022 ad
2670 2958 3115 3042 argumentum

772 3056 1058 3127 istorum
1114 3058 1358 3127 attinet
1420 3057 1781 3142 librorum,
1840 3058 2063 3127 fateor
2115 3055 2399 3149 quidem
2451 3054 2972 3126 convenientius
3016 3070 3119 3144 pe·
3246 3056 3247 3099 ἓ

771 3160 988 3231 destri
1025 3161 1331 3233 sermoni
1366 3182 1575 3253 quam
1613 3162 1809 3254 poesi
1845 3182 2038 3231 esse:
2095 3160 2223 3232 sed
2271 3173 2503 3230 tamen
2540 3158 2854 3230 eiusdem
2899 3163 3117 3251 poetae

770 3264 984 3334 libros
1021 3265 1522 3358 pragmaticOS‚
1577 3287 1755 3358 quos
1802 3265 1869 3334 in
1922 3264 2123 3335 simili
2175 3274 2583 3357 argumento
2620 3272 2935 3333 versatos
2984 3276 3117 3328 esse
3242 3286 3248 3371 4

771 3376 1012 3436 censet
1078 3368 1505 3460 MadvigiuS,
1571 3369 1721 3461 ipse
1790 3368 2115 3439 concedit
2174 3368 2494 3439 versibus
2555 3367 2849 3460 scriptos
2909 3363 3110 3441 fuisse,

771 3469 1111 3562 affertque
1160 3470 1335 3541 haec
1389 3492 1631 3542 eorum
1689 3476 2106 3566 fragmenta:
2164 3471 2348 3565 apud
2385 3470 2684 3543 Nonium
2722 3469 2791 3538 in
2830 3483 3115 3562 perperos

769 3596 834 3667 p.
884 3575 1052 3666 1150„

979 3674 1069 3745 Et
1103 3698 1177 3746 eo
1210 3673 1587 3770 plectuntur
1614 3687 1851 3771 poetae
1890 3680 2087 3773 qucim
2124 3702 2242 3749 suo
2283 3677 2439 3749 vitio
2475 3675 2766 3771 saepius,

977 3777 1110 3848 Am
1146 3777 1594 3850 ductabilitcile
1630 3780 1841 3851 nimia
1876 3785 2092 3852 vc'slra
2130 3791 2243 3852 aut
2273 3779 2786 3878 perperimdine.

771 3883 881 3952 Sic
921 3882 992 3953 hi
1028 3904 1275 3954 versus
1313 3883 1667 3953 scribendi
1705 3895 1888 3970 sunt,
1929 3886 2169 3958 addito
2207 3887 2273 3956 in
2313 3885 2592 3957 alterius
2623 3880 2945 3978 principio
2977 3882 3111 3946 aut:

767 4007 924 4055 nam
965 3986 1153 4079 qnod
1191 3987 1299 4056 vir
1335 3985 1780 4059 doctissimus
1817 3989 2125 4081 putabat,
2168 3987 2614 4060 ductabilitate
2651 3987 2844 4058 tertia
2877 3978 3111 4076 syllaba

769 4089 1107 4180 producta
1169 4089 1433 4162 dictum
1485 4112 1682 4177 esse,
1735 4113 1877 4162 non
1928 4092 2236 4165 debebat
2287 4093 2352 4163 ei
2406 4093 2477 4161 in
2533 4100 2828 4163 mentem
2878 4082 3111 4156 venire.

766 4191 973 4284 Apud
1011 4193 1317 4265 eundem
1352 4194 1651 4267 Nonium
1687 4195 1986 4268 ibidem:

1596 4298 1964 4370 describere
2000 4301 2072 4370 iu
2111 4299 2359 4370 theatro
2392 4303 2711 4393 pc‘aesscros

1179 4396 1553 4496 Pdpularia

934 4672 991 4754 *)
1031 4670 1211 4735 Edita
1243 4683 1341 4735 est
1368 4693 1428 4736 a.
1463 4676 1649 4737 ⁴84⁴.
