3328 5326
829 393 949 454 450
1543 395 1670 455 ΟΒ.
1708 395 1783 455 ΙΝ
1818 395 1914 455 IV.
1952 395 2163 456 FEST.
2206 394 2471 457 SECUL.

826 606 986 656 esse
1024 595 1418 679 perpetrato
1456 586 1764 657 crimine.
1823 586 2027 671 Quod
2064 586 2182 678 qui
2217 585 2555 670 dictitant,
2597 606 2735 655 non
2774 584 3188 676 distinguere

826 689 1156 760 videntur
1195 711 1306 761 res
1345 689 1870 761 diversissimas.
1931 691 2103 760 Nam
2133 690 2262 760 etsi
2289 689 2724 760 verissimum
2753 697 2886 772 est,
2921 688 3192 758 crimina

830 814 972 864 non
1009 804 1169 863 ante
1207 814 1416 886 quam
1451 794 1821 864 commissa
1856 796 1993 865 sint
2028 815 2184 863 esse
2223 792 2595 886 punienda,
2634 803 2873 862 tamen
2909 792 3084 884 preli
3116 812 3191 861 ea

831 899 1009 967 ratio
1063 907 1205 981 est,
1254 907 1330 967 ut
1382 897 1448 966 in
1495 898 1644 968 eius
1695 920 1823 968 usu
1859 896 2048 990 quod
2086 896 2462 967 admittitur
2502 896 2765 966 crimen
2802 895 3063 988 triplex
3096 894 3193 978 sit,

835 1021 1046 1071 unum
1093 1000 1478 1094 scriptoriS,
1532 1000 1721 1092 quod
1778 999 1853 1070 fit
1896 999 2237 1070 tradendo
2288 999 2378 1070 ad
2417 997 2954 1092 imprimendum
2992 996 3190 1080 libro;

832 1104 1124 1174 alterum
1186 1103 1441 1174 librarii
1510 1105 1617 1174 vel
1683 1103 2130 1197 typographi,
2205 1102 2394 1195 quod
2459 1102 2911 1174 committitur
2977 1101 3189 1195 impri-

837 1206 1125 1291 mend03
1166 1209 1443 1279 tertium
1481 1208 1801 1290 civitatiS,
1838 1207 2029 1300 quod
2067 1217 2172 1277 est
2209 1207 2276 1275 in
2316 1207 2766 1299 permissione
2803 1204 3190 1296 evulgandi.

826 1311 1026 1394 Quae
1063 1333 1279 1402 quum
1316 1312 1642 1404 temporis
1680 1312 1902 1404 spatio
1941 1311 2119 1381 inter
2145 1332 2222 1380 se
2252 1309 2530 1394 distent,
2561 1318 2854 1402 apparet
2882 1308 3195 1379 destinati

829 1414 1137 1484 criminis
1177 1436 1371 1484 reum
1409 1436 1567 1484 esse
1604 1415 2054 1508 scriptorem,
2110 1415 2483 1507 perpetrati
2539 1413 2900 1482 librarium
2951 1414 3071 1482 vel
3104 1423 3194 1504 ty-

834 1517 1297 1611 pographum,
1338 1518 1655 1611 permissi
1693 1528 1762 1588 et
1798 1519 1998 1610 quasi
2032 1517 2703 1610 sanciti-civitatem,
2752 1537 2943 1608 quae
2983 1516 3195 1585 sciens

830 1622 1097 1691 crimen
1136 1622 1428 1714 patrari,
1482 1622 1726 1715 punire
1765 1633 2130 1715 postquam
2165 1629 2511 1714 patratum
2546 1621 2668 1703 sit,
2722 1641 2939 1711 quam
2994 1619 3200 1713 impe-
3307 1636 3313 1653 ¹

834 1724 984 1795 dire
1023 1746 1110 1793 ne
1150 1734 1460 1818 patretur
1499 1726 1714 1796 malit.
1795 1725 2002 1809 Quod
2054 1725 2272 1795 simile
2311 1734 2447 1809 est,
2494 1734 2570 1794 ut
2621 1722 2680 1793 si
2732 1723 2892 1814 quis
2939 1722 3046 1805 ei,
3086 1721 3193 1815 qui

833 1827 1230 1898 interficere
1268 1829 1569 1921 aliquem
1605 1829 1832 1900 iussus
1870 1829 1992 1914 sit,
2034 1828 2304 1921 eripere
2341 1847 2749 1898 mucronem
2787 1826 3101 1911 dubitet,
3138 1835 3200 1895 ut

833 1931 1198 2003 interfecto
1251 1932 1533 2003 demum
1581 1933 1698 2002 illo
1751 1941 1821 2001 et
1865 1934 2265 2002 interfector
2302 1941 2371 2001 et
2407 1932 2525 2022 qui
2561 1930 2881 2001 iussisset
2917 1928 3202 2000 interfici

834 2036 1223 2129 puniantur.
1282 2035 1574 2106 Accedit
1611 2036 1712 2105 rei
1749 2036 2099 2120 atrocitaS,
2139 2034 2327 2128 quod
2355 2035 2672 2104 revocari
2701 2034 2926 2103 semel
2955 2034 3198 2126 scripto

832 2139 1281 2232 multiplicata
1319 2161 1462 2210 vox
1496 2139 1773 2232 nequit,
1827 2161 1959 2209 nec
1999 2138 2349 2232 puniendo
2388 2147 2505 2208 aut
2540 2136 2881 2229 restingui
2918 2157 3195 2207 accensa

834 2242 1110 2312 flamma
1144 2252 1397 2336 potest,
1440 2252 1558 2312 aut
1594 2243 1735 2313 elui
1765 2242 2099 2337 adspersa
2127 2241 2476 2312 innocenti
2506 2239 2805 2310 infamia.
2868 2240 3204 2324 Quocirca

827 2346 1186 2439 sapienter
1239 2368 1280 2416 a
1330 2347 1707 2417 maioribus
1758 2348 2011 2417 nostris
2059 2346 2410 2416 constituti
2457 2355 2617 2415 sunt
2668 2364 3056 2428 censoreS,
3108 2342 3208 2436 qui

833 2458 1190 2534 caverent,
1221 2472 1312 2519 ne
1340 2450 1571 2543 impia,
1604 2449 1976 2543 impudica,
2008 2442 2360 2531 iniuriosa,
2392 2447 2723 2518 seditiosa
2751 2446 2824 2516 in
2855 2448 3206 2541 publicum

831 2555 1349 2645 proferrentur:
1396 2575 1620 2645 eaque
1654 2575 1796 2623 non
1833 2552 2045 2623 modo
2084 2553 2376 2646 optima,
2430 2551 2555 2622 sed
2607 2550 2813 2621 unica
2867 2552 3053 2621 ratio
3091 2561 3206 2632 est,

738 2659 743 2666 ’
835 2677 972 2746 qua
1026 2655 1201 2726 intra
1252 2656 1467 2727 iustos
1519 2655 1771 2726 limites
1811 2657 2028 2749 possit
2066 2654 2416 2727 scribendi
2455 2655 2806 2725 temeritas
2846 2654 3209 2726 contineri.

829 2759 1271 2850 Quamquam
1308 2758 1485 2829 haec
1522 2760 1672 2853 ipsa
1710 2781 2079 2830 censorum
2130 2760 2526 2836 constitutio
2563 2780 2786 2851 nuper
2824 2780 3082 2830 osores
3120 2768 3212 2830 at-

836 2883 972 2955 que
1011 2862 1448 2933 adversarios
1486 2863 1751 2933 invenit
1788 2864 2200 2948 acerrimos,
2255 2885 2397 2933 non
2445 2862 2634 2954 quod
2683 2862 2918 2955 ipsum
2969 2884 3210 2934 munus

833 2966 1247 3037 censorium>
1265 2966 1588 3037 invidiam
1624 2967 1939 3051 haberet,
1980 2964 2129 3062 (cur
2156 2968 2342 3036 enim
2366 2988 2590 3059 nuper
2617 2965 2910 3036 demum
2940 2967 3209 3038 auditae

832 3080 992 3141 sunt
1019 3070 1192 3140 istae
1220 3071 1551 3162 querelae
1563 3070 1622 3166 ⁶2)
1655 3070 1783 3141 sed
1811 3070 2001 3162 quod
2030 3071 2208 3141 male
2237 3070 2425 3141 abuti
2453 3079 2842 3163 coeperunt
2874 3079 3212 3162 potestate

831 3195 959 3245 sua
998 3195 1364 3244 censores:
1405 3196 1586 3266 quae
1623 3184 1855 3244 tamen
1893 3196 2034 3244 non
2073 3175 2376 3268 ipsorum
2420 3174 2623 3266 culpa
2652 3181 2784 3256 est,
2817 3174 2956 3244 sed
2988 3194 3213 3244 eorum

830 3299 1129 3368 quorum
1178 3276 1523 3366 mandatis
1572 3299 1821 3370 parere
1875 3277 2100 3348 coacti
2166 3287 2345 3348 sunt.
2440 3277 2707 3368 Regnat
2770 3277 2969 3346 enim
3041 3297 3212 3349 nunc

828 3379 1077 3448 Gallici
1132 3380 1412 3450 terroris
1467 3379 1646 3450 filius
1699 3391 1961 3465 metuS,
2025 3381 2187 3450 mali
2254 3381 2465 3474 patris
2521 3400 2662 3450 non
2715 3380 2914 3450 bona
2966 3383 3209 3475 proleS.

829 3481 1019 3565 Quid
1054 3503 1219 3552 vero
1257 3484 1626 3553 metuitur?
1699 3482 1952 3555 Notum
1997 3484 2069 3555 id
2105 3484 2422 3554 omnibus
2462 3494 2600 3567 est,
2638 3505 2776 3553 nec
2815 3486 3062 3555 celant
3099 3483 3215 3578 ipsi

836 3586 952 3676 qui
991 3595 1326 3655 metuunt.
1410 3583 1512 3655 Ac
1556 3587 1813 3658 scimus
1847 3588 2131 3658 ,minime
2167 3609 2419 3656 vanum
2455 3588 2668 3658 fuisse
2708 3609 2880 3657 eum
2919 3598 3210 3659 metum:

834 3697 906 3757 at
944 3688 1111 3759 illud
1150 3699 1382 3758 tamen
1420 3699 1736 3783 apertum
1773 3701 1910 3775 est,
1963 3690 2339 3762 metuendo
2380 3711 2663 3761 caussas
2703 3691 2798 3759 ali
2836 3690 3213 3773 metuendi,

836 3790 1159 3862 diffidere
1197 3792 1338 3863 suis
1374 3793 1637 3863 viribus
1673 3794 1824 3864 viso
1863 3795 1982 3886 qui
2027 3794 2293 3865 metuit.
2378 3794 2552 3864 Nam
2606 3793 2726 3863 ubi
2776 3792 3048 3867 fiducia
3096 3805 3208 3876 est,

836 3895 931 3965 ibi
968 3918 1109 3966 non
1149 3905 1255 3966 est
1297 3906 1552 3967 metus:
1612 3895 1867 3967 fiducia
1904 3908 2135 3969 autem
2174 3907 2313 3981 est,
2355 3898 2472 3968 ubi
2521 3907 2627 3967 est
2679 3897 2993 3969 iustitia:
3052 3917 3210 3991 quae

834 4009 1101 4072 tantum
1140 4000 1357 4085 valet,
1410 4011 1484 4071 ut
1534 4011 1652 4071 aut
1689 4001 1838 4094 ipsa
1874 4024 1999 4095 per
2035 4024 2111 4072 se
2149 4001 2500 4094 improbos
2539 4022 2581 4071 a
2616 4001 3064 4074 coniurando
3098 4001 3208 4072 de—

734 4133 741 4142 ·
834 4113 1115 4189 terreat,
1157 4115 1298 4190 aut,
1338 4104 1396 4175 si
1433 4105 1550 4197 qui
1588 4104 1738 4175 ausi
1775 4106 1911 4175 sint
1948 4105 2372 4198 conspirare,
2410 4126 2553 4175 non
2598 4103 2981 4177 audiantur
3019 4105 3142 4176 nisi
3169 4124 3200 4171 a

839 4208 1203 4300 perpaucis
1231 4209 1452 4301 iisque
1483 4208 1882 4279 hominibus
1912 4230 2214 4303 nequam
2243 4219 2314 4278 et
2343 4209 2901 4280 contemnendis,
2946 4209 3194 4280 Etenim

836 4309 1014 4380 iusto
1055 4322 1125 4382 et
1161 4334 1385 4404 aequo
1422 4312 1712 4405 imperio
1745 4323 1987 4405 parent
2016 4313 2332 4383 homines
2364 4312 2838 4398 libentissime,
2873 4314 3204 4405 plenaque

834 4414 1215 4506 sapientiae
1255 4425 1361 4485 est
1399 4415 1751 4486 celebrata
1800 4417 1889 4486 ab
1929 4416 2213 4487 Horatio
2252 4415 2636 4486 ludentium
2673 4437 3062 4509 puerorum
3095 4436 3211 4485 ne—

830 4517 980 4601 nia,
1036 4518 1154 4610 qui
1206 4541 1334 4588 rex
1385 4520 1521 4590 eris
1573 4519 1631 4589 si
1681 4529 1869 4589 recte
1938 4521 2150 4590 facies
2219 4519 2564 4590 dicebant.
2659 4519 3086 4613 Exemplum
3150 4519 3215 4586 in

832 4632 1159 4715 promptu
1211 4631 1334 4691 est.
1420 4624 1688 4694 Felices
1728 4645 1894 4716 prae
1933 4624 2079 4694 aliis
2121 4625 2390 4717 populis
2431 4625 2746 4693 Saxones
2787 4646 3029 4695 sumus
3068 4624 3214 4694 eius
