3328 5326
692 375 816 437 474
1708 371 2071 435 emma.

1688 870 2072 945 mmsrm

1074 995 1790 1113 SOHOLAE
1901 994 2661 1107 AFRANAE
2750 996 2754 1001 ‘

1283 1161 1597 1234 TERTIA
1653 1160 1934 1232 SACRA
1989 1161 2469 1234 SECULARIA

1676 1286 1758 1339 cn·
1768 1287 2090 1340 LEBRANTI

1762 1389 1853 1458 G.
1888 1389 1989 1458 H.

1005 1593 1434 1664 Triseculare
1471 1613 1513 1662 a
1548 1590 1830 1665 condita
1867 1593 2122 1665 festum
2141 1591 2400 1667 ‚schola

1153 1696 1333 1766 Dum
1369 1695 1798 1788 gratulantur
1833 1695 2176 1779 Saum,

1002 1800 1225 1884 Quam
1252 1799 1582 1891 templum
1610 1797 1702 1871 ad
1729 1796 1938 1871 Afrae
1973 1797 2240 1890 providi
2268 1820 2391 1871 cor
2417 1799 2751 1894 principis

1153 1901 1390 1972 Doctis
1427 1901 1679 1972 dicavit
1715 1900 2000 1986 artibuS,

1004 2005 1288 2077 Cuinam
1322 2003 1614 2075 deorum
1650 2003 2002 2098 supplices
2039 2005 2264 2075 ferent
2293 2008 2597 2099 preces?

1155 2107 1419 2192 Tibine,
1457 2129 1586 2177 rex
1620 2107 2002 2199 Musageta,

1002 2211 1272 2284 Novem
1309 2210 1647 2281 Camenas
1683 2211 1803 2302 qui
1840 2231 2040 2281 sacro
2077 2212 2341 2305 plectro
2378 2210 2595 2282 doces

1155 2314 1440 2385 Movere
1475 2313 1769 2385 liberum
1801 2313 2081 2407 pedem,

1001 2418 1110 2487 An
1145 2418 1363 2489 seculi
1399 2417 1519 2509 qui
1542 2417 1797 2509 genius
1830 2416 2158 2489 horarum
2194 2418 2441 2493 anxius

1157 2521 1305 2590 Stat
1339 2520 1673 2612 libripens
1707 2520 1801 2591 ad
1838 2519 2302 2613 clepsydram,

1000 2623 1089 2694 Et
1127 2623 1391 2709 „multa
1425 2644 1670 2716 parve,
1709 2624 1943 2708 multa,
1982 2624 2246 2696 multa“
2286 2624 2645 2699 clamitans

991 2716 999 2721 ’
1154 2726 1430 2797 Metitur
1465 2748 1717 2819 operas
1753 2727 1923 2810 utili,

1001 2829 1500 2921 Praeclaraque
1536 2829 1846 2900 instituta
1880 2830 2269 2923 priscorum
2307 2841 2604 2925 patrum,

1153 2932 1542 3002 Pusillitatis
1580 2933 1853 3018 artifex,

998 3035 1257 3127 Legum
1293 3036 1710 3107 minutarum
1746 3046 1816 3105 et
1850 3036 2281 3109 rubricarum
2318 3039 2535 3121 faber,

1153 3139 1449 3211 Minatur
1485 3142 2059 3232 expugnassere?

996 3238 1197 3312 Absit
1230 3242 1577 3325 minantis,
1617 3243 1819 3327 absit,
1859 3263 1900 3311 a
1935 3243 2069 3313 tuis
2105 3253 2354 3328 metuS,

1151 3342 1410 3415 Afrana
1445 3346 1675 3429 docta,
1713 3346 2026 3417 collibus.

997 3445 1152 3517 Non
1187 3447 1404 3519 seculi
1440 3457 1509 3518 te
1544 3448 1805 3542 polluet
1841 3450 2187 3541 cont-agie,

1150 3549 1300 3620 Non
1338 3561 1408 3620 te
1445 3552 1801 3622 tenebrica
1836 3573 1979 3622 nox
2015 3562 2306 3645 premet,

997 3652 1237 3745 Ignota
1272 3654 1462 3745 genti
1498 3654 1877 3739 Saxonum,
1916 3657 2029 3727 cui
2066 3656 2362 3748 patrium
2399 3664 2505 3725 est

1155 3756 1533 3826 Sustollere
1571 3757 1931 3828 ardentem
1970 3760 2217 3843 facem,

997 3856 1474 3951 Caliginesque
1509 3869 1872 3953 pectorum
1908 3860 2275 3955 dispellere
2312 3871 2383 3932 et

1149 3962 1449 4054 Purgare
1486 3972 1758 4033 mentes
1792 3963 2135 4036 sordibus,

996 4064 1228 4136 Victor
1262 4074 1332 4135 te
1366 4065 1615 4159 Apollo
1651 4067 1955 4161 respicit,
1995 4089 2128 4138 nec
2162 4090 2339 4160 quas
2377 4069 2553 4138 colis

1147 4168 1482 4261 Umquam
1522 4169 1868 4241 Camenae
1902 4170 2249 4242 deserent.

992 4267 1254 4342 Audire
1288 4271 1533 4343 videor
1567 4274 1907 4367 perpetim
1945 4274 2189 4346 dulces
2223 4274 2470 4345 modos

1144 4374 1390 4446 Graiae
1428 4397 1879 4470 repercussos
1918 4377 2143 4470 lyrae3

990 4472 1253 4548 Audire
1285 4478 1854 4551 videor-Martiae
1888 4480 2148 4552 Romae
2184 4501 2427 4574 graves

1144 4579 1295 4650 Non
1332 4581 1887 4655 conticescentes
1922 4605 2157 4655 sonos,
