3328 5326
654 399 791 457 444-
1366 392 1491 454 OB.
1532 390 1608 452 IN
1646 388 1744 454 IV.
1782 388 1997 452 FEST.
2034 388 2302 452 SECUL.

654 590 915 660 tinctae
987 588 1339 681 pigmento
1402 604 1647 655 manus
1702 583 1772 652 in
1838 582 2048 653 rebus
2113 580 2498 656 attrectatis
2548 581 2790 651 relicta
2847 580 3026 651 viam

657 691 1137 763 monstrabant
1188 689 1564 759 litterarum
1616 687 2035 757 lineamenta
2083 686 2336 756 tabulis
2373 684 2769 757 inferendi?
2849 684 3030 771 Quin

655 818 748 866 ne
785 790 1512 885 annulorum-quidem
1550 791 1748 884 signa
1781 791 1960 863 ceris
1995 789 2354 884 impressa,
2385 806 2570 880 quae
2596 787 2917 880 proxime
2946 786 3033 857 ad

660 896 1252 993 typographorum
1290 906 1506 965 artem
1562 893 1945 978 accedunt,
1993 903 2068 964 ut
2122 893 2394 985 longius
2447 891 3037 985 progrederentur

657 1009 1093 1073 monuerunt.
1180 999 1493 1090 Denique
1544 998 1712 1090 quid
1766 998 1856 1068 de
1907 1018 1994 1068 eo
2029 996 2376 1080 dicamne,
2427 995 2619 1087 quod
2655 994 2750 1065 de
2784 1003 3035 1065 natura

650 1106 952 1176 deorum
992 1102 1342 1173 disserens
1381 1101 1623 1172 Cicero
1661 1100 1968 1194 scripsit,
2007 1122 2148 1171 non
2186 1099 2573 1191 intelligere
2610 1120 2688 1168 se
2726 1120 2876 1183 cur,
2916 1097 3035 1189 qni

656 1208 991 1280 mundum
1028 1205 1211 1277 effici
1246 1206 1559 1299 potuisse
1584 1226 1956 1298 corporum
1985 1204 2445 1275 concursione
2472 1203 2752 1273 fortuita
2789 1201 3038 1273 existi-

656 1323 821 1396 met,
860 1333 1003 1381 non
1041 1320 1258 1404 putet,
1298 1310 1356 1379 si
1394 1309 1932 1381 innumerabiles
1963 1308 2166 1381 unius
2187 1317 2261 1377 et
2286 1307 2523 1400 viginti
2554 1308 2820 1377 formae
2849 1305 3036 1377 litte-

657 1436 890 1486 rarum
926 1414 1040 1485 vel
1078 1434 1331 1485 aureae
1368 1413 1481 1483 vel
1517 1414 1757 1504 quales
1794 1412 1961 1482 libet
1998 1413 2228 1503 aliquo
2279 1410 2765 1494 conficiantur,
2822 1428 3032 1502 posse

658 1540 749 1588 ex
801 1518 915 1589 his
962 1519 1030 1587 in
1083 1528 1338 1588 terram
1390 1517 1710 1588 excussis
1754 1516 2039 1585 annales
2089 1514 2325 1599 Ennii,
2376 1524 2476 1585 ut
2505 1513 2842 1606 deinceps
2900 1512 3033 1605 legi

657 1623 944 1716 possint,
1000 1621 1206 1706 effici,
1266 1620 1456 1712 quod
1506 1642 1585 1690 se
1639 1620 1914 1690 nescire
1966 1641 2053 1690 an
2093 1640 2182 1688 ne
2218 1617 2289 1686 in
2326 1636 2466 1689 uno
2502 1617 2786 1711 quidem
2823 1636 3032 1687 versu

656 1726 876 1819 possit
930 1734 1195 1796 tantum
1244 1724 1477 1794 valere
1529 1726 1855 1794 fortuna?
1946 1722 2126 1807 Quid
2195 1740 2365 1791 vero
2431 1720 2808 1814 proclivius
2857 1729 3028 1804 erat,

656 1851 864 1922 quam
902 1838 977 1899 ut
1013 1830 1271 1899 formas
1309 1828 1688 1898 litterarum
1718 1827 2255 1897 innumerabiles
2290 1825 2693 1916 imaginanti
2731 1824 2800 1892 in
2837 1845 3035 1894 men-

658 1943 797 2005 tem
833 1933 1130 2016 veniret,
1179 1932 1235 2001 si
1273 1952 1423 2001 eae·
1450 1933 1714 2001 formae
1753 1952 1890 2001 non
1929 1951 2120 2014 casu,
2160 1929 2289 2000 sed
2326 1929 2615 2000 consilio
2655 1945 3033 2020 compone-

657 2046 918 2121 rentur,
958 2057 1097 2105 non
1140 2035 1426 2107 dubium
1462 2055 1623 2105 esse
1660 2033 1824 2126 quin
1863 2055 1957 2103 ex
1993 2034 2074 2104 iis
2111 2043 2183 2103 et
2218 2033 2417 2102 Ennii
2458 2032 2744 2102 annales
2784 2040 2856 2105 et
2884 2031 3035 2124 qui-

657 2141 826 2210 libet
863 2140 975 2209 alii
1011 2139 1165 2210 libri
1193 2137 1627 2209 confierent‘?
1682 2138 2004 2208 Profecto
2034 2146 2154 2209 aut
2179 2137 2296 2206 fati
2328 2136 2673 2228 quaedam
2700 2135 2810 2205 vis
2838 2156 3034 2204 men-

656 2255 762 2314 tes
810 2243 1167 2315 hominum
1221 2243 1763 2327 obcaecaverat,
1836 2250 1987 2326 aut,
2051 2239 2239 2333 quod
2302 2239 2595 2310 credere
2657 2239 2846 2332 pium
2903 2247 3030 2323 est,

653 2347 892 2418 divina
929 2347 1370 2441 providentia
1406 2356 1550 2417 tum
1587 2346 1870 2416 demum
1909 2345 2276 2436 caliginem
2314 2344 2403 2413 ab
2429 2343 2647 2415 oculis
2677 2342 3027 2427 discussit,

654 2473 868 2543 quum
915 2451 1080 2522 illud
1133 2460 1404 2544 tempus
1455 2450 1794 2533 instabat,
1839 2471 1982 2541 quo
2018 2450 2225 2541 longe
2262 2447 2752 2518 saluberrimus
2790 2467 2884 2515 ex
2922 2467 3033 2516 re-

658 2555 840 2624 centi
879 2564 1026 2625 arte
1065 2556 1327 2625 fructus
1365 2563 1553 2624 esset
1587 2552 2005 2646 proditurus.
2066 2551 2300 2622 Paullo
2329 2551 2512 2621 enim
2551 2560 2711 2621 ante
2750 2550 3036 2620 inventa

655 2671 796 2743 est,
866 2679 1072 2750 quam
1140 2666 1539 2751 expugnata
1591 2678 1631 2726 a
1686 2656 1923 2727 Turcis
1977 2654 2571 2749 Constantinopoli
2636 2654 3032 2748 complures

658 2761 906 2831 Graeci
958 2761 1027 2830 in
1076 2761 1300 2845 Italia,
1349 2781 1530 2852 quae
1582 2770 1653 2830 et
1705 2760 1853 2853 ipsa
1898 2781 2035 2830 non
2082 2781 2345 2853 paucos
2396 2758 2704 2830 habebat
2747 2758 3027 2851 egregie

657 2865 903 2936 doctos
938 2864 1277 2951 homineS,
1315 2865 1706 2958 perfugium
1744 2865 2262 2955 quaesiverunt:
2304 2884 2429 2957 per
2455 2883 2885 2955 quosquum
2922 2882 3031 2932 se-

655 2969 1021 3040 mimortua
1084 2968 1467 3040 litterarum
1527 2967 1757 3040 studia
1807 2968 2302 3038 reviviscerent
2366 2967 2717 3058 alacrique
2768 2966 3029 3059 impetu

657 3094 840 3144 nova
878 3082 1212 3166 caperent
1247 3073 1712 3156 incrementa,
1753 3071 2066 3143 certatim
2104 3070 2680 3164 praestantissimi
2716 3078 3031 3140 veterum

658 3177 1080 3248 Graecorum
1110 3186 1180 3247 et
1204 3177 1674 3248 Romanorum
1704 3175 1860 3245 libri
1887 3175 2300 3268 legebantur
2327 3174 3023 3268 explicabanturque:

657 3281 772 3372 qui
811 3280 966 3350 libri
1004 3301 1143 3371 quo
1181 3279 1579 3351 molestiore
1618 3290 1692 3350 et
1728 3278 2236 3372 sumptuosiore
2268 3299 2483 3371 opera
2509 3298 2649 3348 non
2678 3277 2831 3347 sine
2856 3277 3030 3348 mul-

656 3384 742 3454 tis
781 3383 1051 3454 mendis
1090 3382 1689 3468 describebantur,
1730 3404 1816 3453 eo
1855 3382 2308 3475 opportunius
2347 3381 2820 3453 adiumentum
2860 3379 3028 3451 affe-'-

657 3487 857 3556 rebat
890 3507 1072 3556 nova
1113 3507 1248 3571 arS,
1278 3508 1471 3578 quae
1505 3507 1629 3557 eos
1659 3487 1809 3557 sine
1847 3495 2039 3556 tanto
2077 3486 2321 3555 labore
2361 3495 2688 3577 tantaque
2716 3484 3027 3577 impensa

657 3590 751 3659 ita
806 3589 1331 3681 multiplicabat,
1403 3600 1475 3661 ut
1533 3591 1878 3683 corrumpi
1935 3589 2456 3682 multiplicando
2522 3609 2666 3659 non
2718 3595 3020 3680 possent.

658 3693 891 3764 Paullo
931 3705 1088 3786 post
1125 3702 1380 3777 autem,
1419 3694 1813 3786 vigentibus
1840 3693 2254 3775 iamystudiis
2281 3693 2658 3764 litterarum
2687 3691 3028 3783 latiusque

657 3797 887 3867 omnia
925 3797 1182 3867 lumine
1221 3819 1346 3866 suo
1384 3798 1978 3881 collustrantibuS,
2031 3796 2687 3867 vehementissimae
2736 3794 2897 3879 illae
2943 3794 3028 3865 de

657 3901 873 3971 sacris
909 3901 1106 3971 rixae
1143 3910 1432 3970 exortae
1470 3914 1664 3986 sunt,
1720 3902 1969 3993 quibus
2007 3900 2332 3971 effectum
2375 3909 2517 3983 est,
2575 3908 2649 3970 ut
2700 3899 2817 3990 qui
2878 3919 2954 3968 se
2990 3918 3030 3967 a

657 4003 1026 4096 pontificiis
1061 4015 1558 4098 separaverant
1594 4001 1808 4075 libros
1846 4025 2084 4074 sacros
2123 4005 2190 4072 in
2219 4004 2510 4096 patriam
2539 4004 2844 4094 linguam
2873 4023 3030 4071 ver-

658 4129 774 4177 sos
811 4109 1067 4201 populo
1105 4100 1441 4201 legendos
1479 4101 1873 4193 traderent,
1928 4130 2067 4199 quo
2120 4107 2345 4199 quivis
2397 4108 2550 4199 ipse
2586 4105 2749 4198 quid
2792 4105 2927 4176 illis
2963 4105 3028 4176 in

661 4212 853 4281 libris
888 4212 1219 4304 scriptum
1256 4222 1376 4283 aut
1410 4234 1551 4283 non
1580 4212 1911 4305 scriptum
1939 4222 2129 4281 esset
2154 4231 2474 4295 noscere,
2506 4230 2861 4301 veraeque
2887 4210 3029 4302 pie-

656 4315 815 4385 tatis
869 4326 1244 4409 praecepta
1300 4338 1390 4386 ex
1435 4316 1517 4386 iis
1582 4316 1860 4387 haurire
1913 4324 2170 4408 posset.
2265 4315 2420 4402 Quo
2479 4313 2828 4407 perveniri
2891 4332 3026 4381 non

656 4411 964 4513 potuisse
1003 4419 1152 4488 sine
1189 4421 1354 4491 artis
1391 4419 1938 4514 typographicae
1976 4418 2235 4489 auxilio
2274 4428 2586 4511 apertum
2625 4425 2754 4500 est,
2795 4436 2879 4486 ea
2916 4433 3020 4485 ars

655 4532 730 4593 ut
778 4523 896 4593 illo
948 4525 1099 4615 ipso
1154 4533 1463 4616 tempore
1501 4521 1783 4595 inventa
1835 4522 2187 4606 videatur,
2241 4543 2379 4613 quo
2432 4522 2499 4590 in
2541 4522 2710 4591 ‚fatis
2760 4529 2908 4590 erat
2957 4526 3026 4588 ut

654 4629 989 4722 profanae
1028 4626 1229 4697 simul
1268 4636 1340 4696 et
1374 4647 1619 4698 sacrae
1655 4627 1958 4711 litterae,
2008 4627 2269 4696 alterae
2308 4621 2695 4695 excolendo
2735 4620 3025 4693 liberali-
