3328 5326
67 2441 68 2454 ⁴
65 2157 68 2430 μμ-Ψ-ᾈᾼ
67 2119 68 2136 μ
64 2025 72 2102 ,hm-2
65 1979 66 1984 Α
67 1937 68 1942 Α
65 1807 68 1854 mm-

1206 364 1628 427 EURIPIDES.
2489 368 2611 430 233

261 554 474 646 quitur
504 565 866 646 supererat
889 554 1161 647 μακαρί
1192 608 1208 624 .
1239 608 1255 624 .
1285 608 1302 625 .
1339 556 1531 647 quod
1558 556 1739 626 male
1767 556 2106 649 supplevit
2140 558 2610 651 interpolator.

261 657 562 728 Debebat
599 658 736 728 sic:

552 780 705 873 ἑξῆς
738 772 1017 873 κάθησο
1055 776 1259 871 δεῦρό
1296 805 1438 870 μου
1476 778 1717 867 ποδὸς,
1765 782 2033 868 τέκνον,

550 879 726 974 πρὸς
760 881 1027 976 μητε”.ρ
1082 880 1490 973 'I'qoeyamffi
1541 882 1624 952 σύ
1666 883 1745 952 δέ
1775 909 1850 953 σε
1883 882 2273 977 μακαρίσαι

552 985 814 1065 ξέναισι
849 1010 966 1052 ται
949 985 1082 1059 ςδε
1116 984 1373 1080 πλησιά
1411 991 1758 1056 σταθεῖσα
1793 984 1938 1063 δός.

255 1103 476 1173 Monet
512 1103 963 1196 Iphigeniam,
1003 1113 1078 1172 ut
1113 1105 1608 1196 gratulationes
1639 1106 1939 1198 accipiat
1966 1071 2333 1200 virginum.
2392 1109 2618 1178 Etiam

252 1208 357 1299 qui
392 1207 569 1276 haec
599 1207 910 1299 sequitui
937 1228 1183 1278 versus
1213 1208 1445 1301 inepte
1477 1210 1853 1301 integratus
1883 1219 2008 1280 est.
2070 1211 2320 1282 Fuerat
2349 1212 2617 1304 opinor,

549 1309 663 1379 καὶ
704 1310 910 1403 δεῦρο
950 1308 1030 1405 δὴ
1074 1310 1198 1380 σὸν
1237 1314 1506 1406 πατέρα
1542 1312 2071 1406 προςστείχονθ“
2115 1314 2285 1407 ὁρῶ.

252 1412 510 1483 Deinde
549 1436 613 1482 v.
652 1411 822 1483 637.
858 1413 1302 1485 scribendum
1341 1415 1823 1509 ὑποδραμοῦσ’
1856 1417 1992 1511 ἄρ’,
2037 1427 2107 1486 et
2143 1441 2207 1487 v.
2247 1416 2416 1489 642.
2460 1440 2621 1489 cum

251 1516 447 1587 codd.
490 1513 653 1612 χρή,
694 1515 827 1586 nisi
865 1517 1219 1609 vulgatum
1255 1517 1400 1611 χρῶ
1438 1528 1805 1612 pravatum
1844 1530 1951 1590 est
1989 1542 2081 1590 ex
2110 1521 2267 1614 δρᾶ.
2332 1520 2404 1589 V.
2444 1520 2615 1591 649.

254 1631 433 1690 recte
464 1619 940 1692 Blomfieldius
969 1622 1038 1689 in
1069 1622 1280 1713 gloss.
1318 1622 1501 1714 Sept.
1538 1645 1597 1692 c.
1632 1621 1843 1692 Theb.
1869 1622 2049 1696 224.
2073 1624 2350 1695 videtur
2379 1628 2619 1720 ἕκηλον

251 1724 447 1793 scribi
484 1724 825 1806 voluisse,
866 1725 1078 1795 falsus
1119 1733 1350 1793 tamen
1389 1747 1510 1809 eo,
1552 1725 1741 1818 quod
1778 1726 2065 1823 εὔκηλον
2103 1727 2369 1798 diversa
2409 1728 2622 1820 signi-

250 1828 561 1897 ficatione
614 1848 772 1897 esse
824 1827 1012 1898 dicit.
1096 1828 1311 1897 Immo
1363 1830 1720 1921 epicorum
1768 1840 1910 1914 est3
1970 1831 2157 1902 unde
2207 1832 2276 1899 in
2314 1832 2620 1901 carmine

248 1932 489 2001 melico
530 1931 713 2023 apud
754 1932 1168 2024 Sophoclem
1204 1931 1457 2003 Electr.
1493 1932 1662 2005 244.
1736 1933 1813 2002 V.
1850 1933 2020 2004 643.
2056 1935 2398 2005 assentior
2434 1956 2620 2004 nunc

248 2033 567 2105 Elmsleio
619 2032 930 2126 μάλιστα
973 2032 1241 2105 παίδων
1293 2035 1524 2124 τοῦδ’,
1583 2036 1794 2113 ὅσους
1845 2036 1972 2126 ἐγώ
1999 2037 2226 2109 ”τεκον
2263 2038 2615 2109 scribenti.

247 2139 312 2208 V.
349 2141 521 2208 655.
557 2136 861 2207 dubitari
899 2146 1131 2231 potest
1168 2159 1256 2207 an
1290 2139 1498 2209 σέθεν
1535 2140 2050 2232 interpolatoris
2089 2142 2198 2225 sit,
2238 2164 2451 2233 quum
2488 2140 2622 2212 πά-

242 2269 351 2336 τερ
402 2240 804 2312 excidisset.
892 2242 969 2310 V.
1006 2240 1175 2311 664.
1222 2252 1413 2311 recte
1451 2243 1828 2327 PorsonuS,
1883 2244 2132 2321 ἄλλους
2177 2246 2325 2315 ὀλεῖ
2361 2242 2616 2340 πρόσθ’

246 2345 373 2436 ἁμὲ
409 2346 791 2415 διολέσαντ’
835 2344 994 2433 ἔχει.
1058 2345 1263 2428 Quod
1300 2345 1468 2415 dicit
1511 2348 1583 2434 ἅ,
1626 2347 2119 2417 necessitatem
2157 2347 2472 2440 intelligit
2508 2370 2623 2418 sa-

247 2447 500 2518 crificii.
561 2448 636 2516 V.
676 2446 846 2518 670.
879 2448 1136 2519 rectius
1176 2451 1470 2520 fortasse
1508 2450 1873 2534 scribetur,

549 2555 618 2628 ἐς
644 2551 838 2621 ταῦτ’
872 2550 1000 2641 ἐγώ
1034 2551 1175 2641 σοι’,
1213 2549 1296 2622 σύ
1326 2580 1429 2640 τε,
1463 2550 1806 2647 θυγάτερ,
1841 2553 2024 2650 ἥκεις
2060 2552 2306 2648 πατρί,

246 2678 303 2724 v.
340 2653 511 2727 672.
547 2663 779 2726 autem

546 2759 675 2829 εἴθ’
719 2753 806 2854 ἦν
841 2755 1055 2829 καλόν
1095 2784 1169 2828 σε
1204 2760 1385 2850 κάμέ
1418 2785 1532 2830 σοι
1569 2758 1935 2852 σύμπλουν
1974 2760 2216 2851 ἄγειν.

443 2878 523 2949 V.
561 2879 732 2949 673.
767 2889 958 2949 recte
996 2879 1365 2964 PorsonuS,

551 2982 635 3052 ἔτ’
680 2981 831 3052 ἔστι
866 2982 981 3051 καὶ
1023 2983 1135 3052 σοὶ
1171 2984 1415 3069 πλοῦς,
1455 2989 1571 3052 ἵνα
1605 2981 1859 3079 μνήσει
1896 2981 2195 3078 πατρός,

249 3094 318 3154 ut
353 3085 599 3156 credat
636 3084 991 3177 Iphigenia
1028 3106 1105 3154 se
1141 3085 1330 3177 prius
1368 3106 1576 3177 quam
1621 3097 1915 3178 nuptum
1968 3086 2174 3158 detur
2220 3088 2354 3158 alio
2401 3087 2625 3158 dedu-

249 3199 431 3260 ctum
463 3189 566 3258 iri.
627 3189 904 3281 Alioqui
930 3188 1287 3259 videretur
1316 3189 1427 3257 illa
1454 3186 1619 3257 nihil
1652 3188 1743 3259 de
1771 3191 2028 3283 nuptiis
2067 3191 2209 3261 suis
2247 3190 2620 3261 inaudisse

247 3291 316 3362 V.
355 3293 531 3363 677.
560 3303 752 3362 recte
787 3301 955 3385 puto
996 3302 1355 3385 receptum
1402 3292 1490 3362 ab
1529 3291 1885 3385 Hartungo
1940 3315 2098 3364 esse
2151 3293 2339 3386 quod
2389 3295 2626 3364 conie-

247 3416 517 3480 ccram,
573 3395 653 3467 ἔα
704 3397 789 3486 γ’·
847 3395 994 3466 ἐπεὶ
1044 3397 1128 3465 οὐ
1189 3395 1319 3492 χρὴ
1381 3392 1609 3465 τοιάδ’
1666 3397 1922 3466 εἰδέναι
1975 3395 2212 3492 κόρας.
2326 3392 2400 3467 V.
2451 3400 2621 3468 684.

249 3498 611 3570 Elmsleius
649 3496 977 3594 ἑστήξεις.

446 3619 521 3688 V.
587 3618 757 3690 684.
784 3621 1037 3690 frustra
1073 3618 1482 3689 laboratur
1465 3643 1535 3688 1n
1573 3619 1995 3712 explicanda
2031 3622 2398 3701 sententia.
2481 3620 2627 3690 Ex-

246 3722 409 3792 cidit
447 3744 717 3807 verSUS,
761 3724 1053 3793 fortasse
1093 3744 1218 3815 per
1255 3744 1563 3792 errorem
1601 3745 1694 3792 ex
1716 3723 1912 3802 ἐκτὸς
1948 3725 2139 3817 quod
2175 3724 2244 3792 in
2284 3746 2370 3794 eo
2401 3726 2626 3794 fuerat

246 3835 504 3896 ortum:

546 3926 755 4024 χώρει
792 3928 865 3998 δὲ
898 3925 1279 4023 μελάθρων
1315 3927 1542 4018 ἐντός,
1594 3927 1715 4023 [ὥς
1751 3931 1898 4021 μετ’
1941 3923 2279 4024 ἀνδράσιν

547 4030 894 4126 μωμητὸν
936 4034 1143 4101 οἴκων
1180 4031 1398 4126 ἐκτὸς]
1445 4033 1769 4128 ὀφθῆναι
1804 4029 2074 4126 κόραις·

448 4151 525 4221 V.
562 4151 731 4223 707.
777 4161 968 4229 recte
1005 4173 1175 4222 sane
1213 4151 1490 4222 Geelius
1529 4152 1621 4223 ad
1657 4152 1914 4222 Phoen.
1948 4176 2016 4246 p.
2051 4154 2133 4224 24
2155 4156 2224 4223 9.
2266 4153 2475 4224 Θέτιν
2515 4176 2627 4224 re-

244 4254 583 4344 quirebat,
622 4254 747 4326 sed
787 4276 930 4324 non
969 4276 1145 4347 opus
1184 4265 1332 4325 erat
1368 4265 1443 4326 ut
1473 4253 1689 4351 κόρην
1716 4255 1948 4348 potius
1978 4257 2384 4349 expelleret,
2416 4279 2626 4349 quam

251 4356 396 4426 sine
437 4379 681 4430 caussa
725 4359 1044 4429 iteratum
1083 4356 1392 4454 Πηλεύς.·

552 4458 855 4557 Πηλεύς·
900 4460 939 4531 ὁ
981 4462 1040 4529 δ’
1084 4460 1234 4548 ἔσχε
1272 4463 1563 4557 Νηρέως
1600 4458 1817 4556 κόρην
1863 4463 2101 4533 Θέτιν.

447 4580 522 4650 V.
558 4581 727 4652 746.
770 4580 1147 4652 delendum
1200 4589 1364 4673 puto
1414 4582 1575 4672 φεῦ,
1617 4581 1808 4673 quod
1848 4580 2124 4654 videtur
2177 4582 2626 4675 interpolator

2645 3961 2745 4023 μδ
