3328 5326
709 375 787 434 50
1688 368 2090 432 HESIODUS.

916 564 1009 640 ὣς
1045 563 1318 656 ἔφασαν
1352 564 1606 657 κοῦραι
1641 559 1943 653 μεγάλου
1981 559 2163 637 Διὸς
2198 562 2616 655 ἀρτιέπειαι,

916 665 1038 736 καί
1067 690 1196 758 μοι
1233 666 1589 762 σκῆπτρον
1625 664 1810 753 ἔδον,
1853 661 2128 759 δάφνης
2158 664 2521 760 ἐριθηλέος
2557 662 2747 751 ὄζον,

919 771 1293 864 δρέψασαι,
1332 765 1642 865 θηητόν,
1683 769 2109 839 ἐπέπνευσαν
2146 769 2225 838 δέ
2251 793 2379 858 μοι
2414 765 2636 862 αὐδὴν

914 873 1202 960 θέσπιν,
1247 878 1364 942 ἴνα
1398 870 1697 961 κλείοιμι
1731 868 1825 940 τά
1858 871 1915 939 τ’
1954 867 2302 961 ἐσσόμενα
2339 867 2476 964 πρό
2512 871 2571 938 τ’
2609 866 2849 940 ἐόντα.
2927 876 2932 881 '

713 1028 992 1120 Legitur
1025 1026 1097 1095 in
1132 1026 1323 1097 libris
1363 1027 1738 1121 δρέψασαι,
1782 1020 2244 1120 δρεψάμεναι,
2287 1026 2715 1119 δρέψασθαι.
2787 1023 2932 1092 Hoc
2967 1043 3072 1091 re-

715 1132 898 1225 cepit
934 1130 1424 1223 GoettlingiuS,
1478 1129 1968 1222 separavitque
2020 1128 2108 1197 ab
2152 1149 2237 1198 eo
2272 1125 2582 1222 θηητόν,
2633 1148 2846 1219 quum
2883 1125 3073 1197 intel-

713 1235 958 1328 ligeret
983 1235 1215 1327 inepte
1246 1256 1285 1304 a
1313 1231 1731 1325 quibusdam
1760 1233 2165 1327 δρέψασθαι
2192 1227 2475 1327 θηητόν
2503 1252 2661 1302 esse
2691 1231 3067 1300 coniuncta.

715 1337 917 1423 Quod
977 1358 1146 1409 vero
1211 1339 1616 1432 δρέψασθαι
1662 1357 1757 1406 ex
1802 1334 1959 1405 ἔδον
2020 1332 2329 1427 pendere
2391 1334 2640 1420 voluit,
2693 1343 2771 1405 ut
2823 1329 3074 1427 signifi-

716 1451 989 1512 caretur
1024 1441 1406 1511 »iusserunt
1431 1461 1545 1509 me
1573 1439 1748 1515 lauri
1777 1459 2042 1509 ramum
2069 1437 2516 1531 decerpere,«
2551 1460 2692 1508 non
2719 1436 3068 1507 assentior.

587 1545 791 1634 .p.6ld
838 1546 936 1615 sic
989 1544 1282 1615 dixisset
1330 1543 1707 1613 Hesiodus:
1766 1541 1884 1612 καὶ
1939 1541 2293 1636 σκῆπτρον
2355 1538 2625 1637 δάφνης
2673 1542 2740 1632 μ’
2797 1539 3071 1611 ἐκελοντ’

714 1639 1075 1743 ἐριθηλέος
1140 1647 1302 1732 ὄζον
1362 1648 1792 1742 δρέψασθαι.
1906 1643 2109 1727 Quod
2164 1667 2376 1737 quum
2428 1666 2572 1714 non
2627 1645 2904 1727 fecerit,
2958 1641 3077 1712 sed

717 1750 971 1821 dixerit
1006 1750 1190 1839 ἔδον,
1231 1772 1372 1820 non
1408 1749 1617 1820 voluit
1655 1746 1841 1818 aliud
1877 1769 2086 1838 quam
2122 1746 2312 1838 quod
2349 1747 2715 1841 oportebat
2742 1748 3077 1817 initiantes

718 1857 982 1940 facere,
1035 1864 1111 1925 ut
1160 1854 1350 1946 ipsae
1388 1853 1629 1923 Musae
1678 1873 1943 1922 ramum
1993 1851 2445 1945 porrigerent.
2522 1852 2760 1944 Itaque
2810 1849 3077 1921 omnino

718 1980 855 2028 non
895 1957 1070 2028 dixit
1105 1958 1536 2051 δρέψασθαι,
1579 1955 1769 2048 quod
1808 1964 2086 2048 praeter
2123 1954 2331 2024 libros
2371 1954 2713 2046 quosdam
2746 1952 3077 2024 Aristides

716 2062 850 2132 vol.
892 2062 968 2130 II.
1011 2084 1076 2155 p.
1115 2058 1281 2131 498.
1327 2056 1522 2153 (370.
1565 2058 1784 2153 lebb.)
1829 2058 2064 2142 habet,
2106 2059 2330 2151 paullo
2370 2059 2594 2151 aptius
2631 2059 2745 2127 ille
2783 2057 3079 2151 quidem,

716 2187 926 2257 quam
976 2164 1093 2257 qui
1150 2162 1240 2233 de
1299 2161 1809 2233 manducandis
1872 2161 2051 2231 foliis
2115 2163 2537 2254 cogitarunt,
2604 2161 3077 2255 interpretans.

717 2267 1157 2361 Participium
1186 2266 1350 2358 quin
1379 2276 1673 2359 poneret
1710 2276 1916 2359 poeta
1953 2265 2118 2334 nihil
2156 2264 2499 2351 obstabat,
2539 2265 2597 2335 si
2635 2264 2724 2335 ab
2765 2287 2854 2336 eo
2891 2284 3084 2357 sepa-

718 2381 943 2441 ratum
976 2368 1261 2464 θηητόν
1297 2369 1365 2437 in
1407 2367 1542 2437 fine
1581 2378 1863 2440 ornatus
1902 2390 2150 2439 caussa
2189 2368 2499 2439 adderet.
2593 2368 2818 2438 Nolim
2862 2378 3083 2438 tamen

676 2564 681 2568 ὁ
717 2468 1165 2544 defendendo
1227 2471 1587 2565 participio
1650 2472 1947 2542 Archiae
2015 2472 2443 2564 epigramma
2505 2470 2577 2540 in
2628 2470 2909 2542 Anthol.
2950 2470 3078 2540 Pal.

718 2578 832 2646 IX.
877 2575 993 2647 64.
1037 2574 1389 2662 adhiberi,
1439 2575 1592 2669 qui,
1648 2586 1726 2646 ut
1773 2576 1934 2646 alibi
1985 2574 2165 2660 dixi,
2219 2597 2361 2644 non
2409 2572 2922 2670 ἐρυσσάμεναι,
2965 2571 3085 2643 sed

719 2678 1164 2775 ἐρεισάμεναι
1198 2682 1356 2774 πέρι
1390 2681 1614 2750 πᾶσαι
1640 2680 1911 2751 videtur
1939 2679 2318 2772 scripsisse.
2378 2679 2674 2750 Omnino
2701 2701 2844 2751 non
2872 2679 3086 2750 solum

721 2784 1075 2855 fluctuatio
1130 2784 1513 2876 scripturae
1562 2784 1743 2853 inter
1790 2782 2201 2854 infinitivum
2254 2792 2326 2853 et
2375 2783 2551 2854 duas
2589 2783 2848 2855 formas
2887 2780 3087 2876 parti-

722 2887 916 2980 cipii,
971 2886 1100 2958 sed
1149 2887 1357 2957 etiam
1408 2886 1597 2979 quod
1651 2908 1882 2957 ramus
1933 2885 2207 2982 θηητὸς
2258 2885 2545 2971 dicitur,
2599 2886 2763 2956 facit
2804 2897 2878 2959 ut
2912 2886 3087 2956 hunc

721 2991 951 3062 locum
978 3000 1379 3084 suspectum
1407 2990 1724 3060 habeam.
1787 2989 2196 3082 Spectabilis
2226 2990 2410 3059 enim
2447 2990 2505 3059 si
2540 2999 2828 3061 vocatur
2861 3007 3086 3060 ramus

722 3094 857 3178 ille,
894 3095 1007 3164 vix
1042 3093 1114 3164 id
1150 3094 1283 3165 alio
1315 3115 1525 3187 quam
1564 3093 1654 3164 ad
1692 3092 2237 3187 magnitudinem
2274 3094 2548 3170 videtur
2582 3094 2828 3164 referri
2863 3112 3085 3187 posse.

722 3197 931 3291 Atqui
964 3220 1256 3290 magnus
1294 3219 1382 3267 an
1421 3219 1668 3291 parvus
1709 3199 1913 3268 fuerit
1948 3218 2215 3280 ramUS,
2253 3197 2419 3266 nihil
2460 3196 2550 3267 ad
2587 3219 2757 3280 rem,
2797 3197 2978 3290 quia,
3019 3204 3087 3265 ut

722 3301 988 3394 insigne
1019 3311 1207 3372 esset
1234 3311 1506 3394 poetae,
1539 3302 1705 3370 satis
1744 3310 1890 3370 erat
1927 3300 2101 3370 lauri
2134 3321 2402 3371 ramum
2439 3322 2619 3386 esse,
2658 3301 2777 3393 qui
2815 3302 2875 3371 si
2911 3305 3090 3370 esset

723 3406 952 3498 aliquo
1007 3404 1319 3498 epitheto
1371 3403 1761 3488 ornanduS,
1801 3404 2034 3473 virens
2071 3404 2299 3495 potius
2347 3414 2466 3475 aut
2503 3404 2757 3474 florens
2795 3404 2936 3476 dici
2970 3401 3091 3472 de-

720 3509 952 3579 bebat.
1012 3509 1200 3577 Haec
1229 3529 1442 3597 quum
1470 3506 1865 3592 considero,
1903 3526 2147 3576 vereor
2183 3528 2271 3576 ne
2309 3509 2684 3601 scripturas
2711 3506 3089 3578 habeamus

718 3603 1363 3704 grammaticorum,
1414 3631 1709 3701 quorum
1761 3610 1872 3680 alii
1919 3611 2359 3704 δρέψασθαι,
2405 3612 2518 3681 alii
2555 3613 2905 3705 δρέψασαι
2918 3661 2940 3699 ,
2983 3608 3091 3679 alii

724 3710 1156 3810 δρεψάμεναι
1191 3712 1584 3805 posuerint,
1624 3735 1838 3805 quum
1891 3712 2260 3784 commisso
2299 3714 2367 3782 in
2407 3737 2545 3785 una
2597 3713 2821 3784 littera
2858 3732 3089 3796 errore

722 3816 1001 3909 decepti
1077 3816 1486 3907 scripturam
1556 3837 1769 3887 sensu
1840 3824 2186 3888 carentem
2212 3871 2230 3902 ,
2291 3817 2573 3914 θηητόν
2634 3818 2693 3887 δ’
2761 3817 3087 3912 ἔδρεψαν,

727 3918 1100 3990 emendare
1137 3928 1571 3990 conarentur.
1650 3919 1854 4004 Quod
1904 3920 1961 3991 si
2006 3921 2399 4013 putabimus
2436 3921 2573 3990 hoc
2610 3941 2811 3991 versu
2850 3920 3093 3991 Hesio-

726 4022 890 4093 dum
928 4023 1200 4093 tertiam
1238 4022 1588 4116 stropham
1629 4045 1960 4095 exorsum
1996 4045 2192 4108 esse,
2242 4025 2358 4117 qui
2397 4034 2628 4096 autem
2663 4024 3092 4117 praecedunt

718 4124 889 4212 duc,
929 4125 1284 4197 addidisse
1323 4126 1677 4197 secundae
1714 4127 2062 4221 strophae,
2107 4127 2285 4199 haec
2321 4127 2765 4220 habebimus:

930 4280 1022 4357 ὥς
1057 4279 1329 4374 ἔφασαν
1365 4281 1615 4375 κοῦραι
1648 4279 1953 4371 μεγάλου
1990 4281 2172 4359 Διὸς
2206 4284 2623 4376 ἀρτιέπειαι,

773 4386 873 4454 30
927 4382 1049 4454 καί
1079 4411 1207 4475 μοι
1245 4384 1600 4479 σκῆπτρον
1639 4383 1824 4473 ἔδον,
1867 4382 2139 4481 δάφνης
2173 4386 2535 4480 ἐριθηλέος
2572 4384 2761 4469 ὄζον·

1028 4485 1309 4582 θηητόν
1344 4488 1405 4555 δ’
1446 4485 1790 4582 ἔθρεψαν,
1833 4490 2251 4559 ἐνέπνευσαν
2287 4490 2366 4558 δέ
2396 4514 2525 4578 μοι
2561 4483 2782 4584 αὐδὴν

924 4591 1210 4678 θέσπιν,
1256 4595 1372 4659 ἵνα
1406 4589 1703 4682 κλείοιμι
1737 4589 1831 4661 τά
1865 4592 1923 4661 τ’
1965 4587 2312 4680 ἐσσόμενα
2346 4588 2484 4685 πρό
2506 4592 2580 4669 ,τ’
2620 4588 2831 4661 ἐόντα
