3328 5326
1301 380 1705 448 HESIODUS.
2609 386 2690 446 59

312 575 474 646 talia
511 576 807 647 librariis
843 576 932 647 sit
967 586 1391 670 corruptum.
1467 579 1662 662 Quae
1701 588 2085 670 sequuntur
2120 578 2303 649 duae
2340 579 2690 672 strophae,

312 679 648 749 LXXXVI
685 690 759 750 et
794 680 1175 779 LXXXVII.
1216 681 1318 752 sic
1354 681 1672 753 videntur
1706 681 2006 776 scriptae
2041 682 2285 753 fuisse:

314 785 464 854 590
679 787 752 854 ἐκ
786 782 917 878 γὰρ
955 784 1082 880 τῆς
1116 786 1312 873 γένος
1346 784 1498 856 ἐστι
1531 785 1878 875 γυναικῶν
1911 783 2374 881 θηλυτεράων

314 887 465 959 592
522 893 610 957 αὶ
633 892 936 981 θνητοῖς
970 887 1148 978 μέγα
1183 887 1385 1009 πῆμα
1420 891 1566 979 μετ’
1608 885 1906 984 ἀνδράσι
1942 886 2416 973 ναιετάουσιν,

525 990 922 1116 οὐλομένης
943 989 1182 1086 πενίης
1219 991 1305 1059 οὐ
1344 989 1735 1086 σύμφοροι,
1776 991 1947 1062 ἀλλὰ
1982 989 2255 1086 κόροιο,

524 1093 617 1170 ὥς
654 1089 848 1161 ὁπότ’
887 1097 962 1164 ἐν
1000 1090 1356 1195 σίμβλοισι
1391 1095 1894 1219 κατηρεφέεσσι
1927 1097 2252 1186 μέλισσαι

520 1195 839 1290 κηφῆνας
873 1191 1208 1286 βόσκωσι,
1248 1197 1476 1267 κακῶν
1513 1194 1856 1294 ξυνήονας
1893 1197 2136 1292 ἔργων.

315 1300 466 1368 596
679 1304 764 1368 αἱ
789 1300 922 1389 μέν
956 1324 1032 1368 τε
1069 1296 1353 1392 πρόπαν
1387 1295 1580 1396 ἦμαρ
1617 1305 1688 1378 ἐς
1719 1301 1953 1397 ἠέλιον
1988 1298 2393 1371 καταδύντα

524 1398 883 1490 ἀκάματοι
922 1398 1326 1491 σπεύδουσι,
1367 1403 1640 1474 τιθεῖσί
1670 1431 1747 1475 τε
1783 1402 1991 1499 κηρία
2025 1402 2249 1475 λευκά.

522 1509 601 1574 οἳ
631 1505 695 1573 δ’
739 1503 1033 1574 ἔντοσθε
1070 1506 1401 1595 μένοντες
1435 1510 1823 1602 ἐπηρεφέας
1857 1506 2038 1578 κατὰ
2078 1506 2412 1598 σίμβλους

521 1603 893 1700 ἀλλότριον
931 1606 1254 1698 κάματον
1293 1610 1635 1704 σφετέρην
1671 1614 1740 1686 ἐς
1773 1612 2043 1706 γαστέρ’
2085 1610 2427 1700 ἀμῶνται.

313 1712 463 1780 600
521 1710 615 1786 ὥς
652 1709 886 1786 αὔτως
922 1709 1250 1803 ἄνδρεσσι
1283 1711 1495 1782 κακὸν
1528 1719 1868 1809 θνητοῖσι
1900 1719 2240 1803 γυναῖκες.

312 1812 570 1883 Prioris
619 1813 949 1906 strophae
1002 1813 1297 1905 primum
1343 1837 1626 1886 versum
1663 1816 1734 1884 in
1770 1816 1902 1886 alia
1938 1817 2348 1888 recensione
2385 1817 2487 1886 sic
2523 1817 2695 1887 scri-

308 1926 506 2009 ptum
545 1917 757 1987 fuisse
795 1925 1112 2010 apparet:

521 2020 651 2116 τῆς
685 2019 816 2114 γάρ
856 2016 1111 2090 ὀλοόϊόν
1142 2026 1290 2092 ἐστι
1325 2022 1520 2111 γένος
1554 2021 1672 2091 καὶ
1710 2022 1899 2114 φῦλα
1933 2023 2300 2113 γυναικῶν.

308 2123 510 2207 Quae
557 2145 767 2217 porro
815 2123 907 2194 de
956 2123 1358 2194 mulieribus
1411 2125 1681 2195 adiecta
1727 2136 1919 2208 sunt,
1972 2126 2029 2196 si
2066 2146 2282 2194 vacua
2317 2125 2694 2218 interpola-

309 2226 616 2298 tionibus
655 2247 814 2296 esse
850 2225 1043 2297 credi
1095 2238 1368 2322 posset,
1400 2228 1761 2321 'segregari
1799 2249 1839 2297 a
1877 2228 2275 2321 Theogonia
2311 2238 2386 2299 ut
2423 2228 2693 2299 addita-

306 2340 625 2402 mentum
654 2329 940 2402 alicuius
968 2329 1299 2426 rhapsodi
1327 2326 1687 2402 deberent.
1739 2332 1942 2415 Quod
1971 2354 2182 2425 quum
2213 2354 2354 2402 non
2380 2332 2693 2404 videatur

306 2435 454 2505 veri
517 2434 745 2504 simile
808 2455 966 2504 esse
989 2488 1006 2518 ‚
1073 2435 1188 2506 hic
1249 2457 1529 2527 quoque
1591 2436 1768 2507 duas
1831 2447 2000 2529 puto
2062 2435 2385 2528 strophas
2445 2436 2689 2519 latere,

305 2560 607 2630 quarum
646 2537 1142 2609 commissurae
1171 2539 1260 2609 ab
1290 2539 1783 2632 interpolatore
1810 2540 2225 2611 obscurat-ae
2255 2539 2410 2609 sint.
2453 2540 2692 2630 Itaque

303 2642 642 2736 strophae
689 2638 1080 2712 LXXXVIII
1125 2652 1197 2713 et
1243 2643 1602 2714 LXXXIX.
1645 2643 1829 2715 hanc
1879 2644 2176 2714 fortasse
2225 2644 2519 2713 formam
2568 2642 2693 2713 ha·-

302 2746 645 2816 buerunt:

308 2851 463 2922 602
628 2850 764 2919 ἀλλ’
803 2852 1046 2944 ἕτερον
1080 2849 1212 2944 γὰρ
1256 2847 1442 2926 Ζεύς
1477 2850 1726 2945 ἔπορεν
1762 2849 1974 2920 κακὸν
2011 2851 2157 2920 ἀντ’
2191 2852 2527 2939 ἀγαθοῖο,

518 2952 599 3030 ὅς
633 2979 702 3022 κε
740 2945 971 3043 γάμον
1007 2951 1283 3045 φεύγων
1318 2952 1433 3022 καὶ
1469 2954 1788 3048 μέρμερα
1824 2953 1990 3048 ἔργα
2023 2954 2373 3043 γυναικῶν

518 3053 618 3151 μὴ
656 3056 877 3151 γῆμαι
910 3056 1146 3150 ἐθέλῃ,
1190 3054 1396 3125 ὀλοὸν
1433 3057 1493 3124 δ’
1535 3056 1646 3126 ἔπι
1680 3057 1899 3153 γῆρας
1937 3063 2197 3151 ἵκηται,

516 3157 721 3255 χήτεϊ
749 3157 1199 3255 γηροκόμοιο·
1242 3158 1280 3228 ὃ
1319 3159 1383 3227 δ’
1426 3160 1510 3229 ού
1544 3157 1797 3250 βιότου
1830 3157 2149 3255 ἐπιδευὴς

525 3260 703 3347 ζώει·
741 3261 1117 3357 χηρωσταὶ
1141 3261 1215 3332 δὲ
1249 3259 1367 3331 διὰ
1401 3261 1646 3357 κτῆσιν
1684 3265 2080 3332 δατέονται.

307 3365 467 3437 607
627 3362 683 3457 ᾦ
721 3367 783 3435 δ’
826 3361 994 3435 αὖτε
1030 3370 1386 3459 γλυκεροῖο
1420 3363 1653 3456 γάμου
1689 3365 1874 3457 μετὰ
1905 3371 2129 3460 μοῖρα
2162 3368 2471 3463 γένηται,

515 3468 759 3564 κεδνὴν
795 3470 861 3537 δ’
903 3467 1096 3556 ἔσχεν
1131 3468 1427 3552 ἄκοιτιν,
1469 3470 1819 3564 ἀρηρυῖαν
1854 3469 2344 3563 πραπίδεσσιν,

517 3572 618 3663 τῷ
655 3574 735 3642 δέ
761 3573 818 3640 τ’
860 3572 970 3641 ἀπ’
1012 3571 1270 3648 αἰῶνος
1304 3570 1519 3642 κακὸν
1553 3571 1785 3663 ἐσθλῷ
1823 3572 2251 3667 ἀντιφερίζει

516 3675 833 3767 ἔμμεναι·
877 3674 956 3750 ὃς
991 3676 1073 3746 δέ
1098 3701 1168 3744 κε
1205 3676 1425 3768 τέτμῃ
1464 3674 1902 3770 ἀταρτηροῖο
1937 3678 2293 3772 γενέθλης,

517 3776 672 3862 ζώει
707 3777 812 3848 ε’νὶ
850 3775 1236 3873 στήθεσσιν
1271 3777 1445 3865 ἔχων
1481 3775 1819 3848 ἀλίαστον
1855 3779 2081 3873 ἀνίην.

296 3883 383 3953 In
444 3880 555 3951 his
618 3881 986 3951 Homerica
1046 3881 1257 3951 verba
1319 3890 1479 3951 sunt
1539 3902 1634 3950 ex
1696 3881 1883 3951 Iliad.
1942 3882 2017 3950 V.
2084 3886 2249 3953 458.
2364 3882 2688 3973 Sequitur

294 3984 588 4078 stropha
626 3984 764 4054 XC.
811 3987 890 4054 6⁴
914 3987 1149 4054 3-64
1173 3987 1239 4055 6.
1280 3984 1395 4054 cui
1447 3984 1650 4055 deest
1703 3981 1983 4056 ultimus
2032 4006 2305 4068 versuS,
2359 4007 2499 4077 quo
2550 3987 2684 4058 loci

294 4090 737 4160 mentionem
766 4090 1020 4157 factam
1050 4098 1238 4180 puto,
1270 4089 1339 4156 in
1368 4108 1506 4180 quo
1534 4089 1803 4167 vinctus
1832 4098 2186 4159 teneretur
2208 4088 2678 4163 Prometheus,

292 4193 555 4264 Mirum
592 4202 699 4262 est
736 4191 923 4262 enim
960 4201 1030 4260 et
1065 4201 1307 4261 contra
1352 4212 1618 4261 morem
1673 4194 1969 4276 factum,
2018 4191 2209 4282 quod
2258 4193 2348 4263 de
2386 4214 2472 4263 eo
2517 4217 2686 4266 nus-

292 4317 516 4389 quam
578 4295 835 4387 aliquid
911 4293 1371 4386 significatum
1436 4304 1561 4365 est.
1674 4294 1839 4364 XCI.
1911 4298 1992 4365 64
2015 4295 2341 4368 7—624.
2409 4298 2481 4366 in
2541 4320 2683 4390 quo

291 4399 639 4491 scriptum
676 4399 800 4469 fuit
837 4396 1325 4482 ναιετάουσιν,
1368 4399 1555 4490 quod
1614 4398 2069 4491 interpolator
2121 4400 2192 4467 in
2244 4401 2682 4494 participium

292 4502 623 4587 mutavit,
674 4512 751 4573 ut
806 4524 949 4571 rem
1001 4502 1297 4573 duorum
1347 4524 1664 4573 versuum
1739 4503 2145 4573 accessione
2204 4503 2677 4597 amplificaret.

290 4603 508 4676 XCII.
550 4604 972 4678 624—628.
1040 4605 1262 4675 XCIII.
1306 4606 1740 4677 629—633.
1805 4606 2030 4676 XCIV.
2085 4609 2318 4677 635-
2345 4610 2511 4677 638.
2606 4609 2683 4676 In
