3328 5326
1270 384 1668 456 rimemus.
2008 481 2015 488 ·
2576 391 2656 450 89

282 595 459 657 vero,
499 573 673 648 nihil
711 596 962 652 castaus
1016 577 1157 670 ἄρα
1195 578 1618 670 particulam.
1710 577 1856 654 Hoc
1905 599 2188 671 quoque
2225 581 2411 654 nullo
2450 581 2659 656 modo

284 676 435 750 fieri
476 687 729 769 potest.
820 679 1133 771 Denique
1182 679 1313 756 τὸν
1349 676 1511 771 ἆγεν
1560 681 1846 774 intelligi
1885 681 2074 756 iubet
2111 704 2302 776 quem
2337 682 2657 768 adama,

283 792 539 874 putans
591 782 920 873 qgaoniam
980 784 1203 862 κακῶς
1262 784 1559 879 ἠγμένος
1619 786 1803 858 male
1857 785 2240 860 educatum
2294 785 2659 882 significat,

283 883 478 974 ἄχειρ
528 884 739 958 etiam
790 907 918 978 per
959 908 1039 960 se
1089 885 1437 960 educandi
1483 886 1947 980 significatum
1999 888 2280 966 habere.
2376 889 2480 960 Ne
2530 890 2660 964 hoc

281 986 572 1078 quidem
606 987 759 1064 fieri
806 999 1057 1082 potest.
1147 987 1354 1083 Apud
1391 989 1829 1066 Athenaeum
1878 1002 1987 1066 est
2021 990 2247 1069 πειθώ
2296 994 2351 1064 τ’
2402 992 2657 1070 ἔναιεν,

282 1091 521 1174 Quum
547 1091 621 1164 in
647 1092 753 1176 iis,
783 1114 971 1185 quae
990 1093 1444 1190 praecedunt,
1475 1095 1819 1170 Venerem
1848 1096 2273 1170 nominasset
2301 1094 2660 1182 Pindarus,

280 1194 354 1266 in
389 1205 722 1289 promptu
748 1206 901 1274 erat
934 1195 1176 1276 videre
1212 1197 1362 1282 τᾶς,
1393 1198 1585 1290 quod
1620 1198 1713 1270 ad
1740 1201 1802 1268 δ’
1841 1199 2384 1296 superscriptum
2415 1201 2661 1283 fuerat,

280 1298 372 1367 ab
423 1297 747 1392 imperito
799 1299 1075 1380 librario
1112 1300 1185 1370 in
1220 1300 1519 1374 alienum
1568 1303 1795 1376 locum
1834 1303 2089 1378 illatum
2128 1324 2311 1386 esse,
2350 1312 2664 1395 poetam-

279 1423 423 1493 que
450 1401 545 1472 de
571 1403 845 1473 Venere
874 1403 1136 1475 dixisse
1163 1404 1355 1481 τᾶςὸ’
1395 1408 1612 1480 ἕκατι.
1684 1406 1924 1498 ltaque
1960 1405 2135 1480 haec
2164 1407 2264 1477 sic
2293 1406 2664 1480 scribenda

280 1515 488 1577 Sunt:

494 1609 627 1680 ἀλλ’
669 1607 798 1698 ἐγώ
834 1610 1031 1686 τᾶςὸ’
1072 1613 1290 1696 ἕκατι,
1335 1608 1544 1706 κηρὸς
1581 1611 1675 1688 οἷς
1712 1612 1997 1701 δαχθεὶς
2033 1616 2149 1704 ἕλᾳ

491 1712 658 1806 ἱρᾶν
692 1711 1068 1803 μελισσᾶν,
1117 1710 1424 1803 τάκομαι
1460 1708 1595 1784 εὖτ’
1638 1714 1728 1784 ἂν
1767 1715 1889 1785 ι”ὃω
1939 1713 2207 1784 παίδων
2245 1710 2559 1803 νεόγυιον
2595 1720 2664 1791 ἐς

1940 1843 1979 1886 'Y
2034 1840 2149 1890 ew·

487 1922 565 1990 ἐν
606 1919 670 1987 δ’
711 1917 851 2012 ἄρα
886 1915 1006 1987 καί
1051 1919 1315 2009 Ἰενέδῳ
1352 1916 1603 1990 Πειθώ
1639 1920 1694 1990 τ’
1738 1824 2036 2011 aiveinis?

488 2019 606 2091 καὶ
644 2017 882 2120 Χάρις
916 2019 1075 2090 υἱὸν
1103 2019 1468 2115 Ἁγησίλα.

490 2158 568 2228 In
633 2157 1026 2251 Pyth101um
1090 2155 1399 2228 carmine
1464 2159 1603 2228 ΧΠ
1679 2161 1793 2230 49.
1863 2183 2076 2251 quum
2129 2160 2388 2230 violato
2441 2171 2663 2230 metro

283 2261 625 2356 seriptum
675 2270 895 2335 esset:
951 2260 1268 2356 Ilaec-svn
1317 2259 1532 2331 ὁπότε
1582 2261 1831 2356 τρίτον
1895 2261 2195 2334 ἀψυσσεν
2244 2263 2666 2359 καοιγνητᾶν

281 2367 502 2460 μέρος
552 2363 822 2457 εἰναλίᾳ
869 2362 1163 2458 Σερίφου)
1213 2362 1449 2434 λαοῖσί
1486 2391 1565 2434 τε
1613 2371 1878 2460 μοῖραν
1924 2365 2151 2455 ἄγων,
2205 2388 2271 2460 p
2328 2369 2443 2437 ⁴9.
2485 2388 2666 2458 quae

281 2470 506 2539 verba
543 2478 705 2561 post
740 2469 955 2563 μέρος
988 2467 1247 2560 scripta
1285 2477 1468 2552 sunt,
1507 2489 1592 2537 ea
1626 2489 1672 2537 a
1700 2469 2284 2562 praecedentibus
2319 2481 2665 2563 separata,

280 2573 694 2644 continuata
729 2582 964 2643 autem
999 2592 1162 2642 cum
1197 2570 1682 2662 sequentibuS‚
1726 2572 1828 2643 sic
1881 2573 2090 2644 scribi
2131 2574 2378 2644 voluit:

701 2707 969 2801 εἰναλίᾳ
1003 2735 1079 2779 τε
1120 2706 1412 2804 Σερίφῳ
1448 2709 1618 2786 λᾶος
1655 2715 1690 2778 ἲ
1721 2714 1989 2805 μοῖραν
2029 2710 2217 2801 ἄγων

701 2807 867 2908 ἦτοι
898 2807 1063 2882 τότε
1096 2814 1478 2883 θεσπέσιον
1519 2809 1831 2907 Φόρκοιο
1867 2810 2247 2910 μαύρωσεν
2278 2816 2476 2904 γένος

702 2911 956 3010 λυγρόν
988 2917 1046 2984 τ’
1087 2913 1340 3008 ἔρανον
1377 2916 1790 3008 Πολυδέκτᾳ
1824 2917 2026 3011 θῆκε.

292 3054 481 3129 Haec
520 3074 692 3125 vero
728 3074 869 3125 non
906 3050 1117 3123 modo
1147 3050 1535 3136 Pindarica,
1574 3052 1701 3124 sed
1740 3074 1831 3123 ne
1860 3053 2129 3129 Graeca
2164 3054 2446 3147 quidem
2484 3065 2665 3139 sunt.

289 3158 591 3235 Primum
644 3156 833 3229 enim
865 3155 1034 3248 quid
1090 3155 1223 3227 sibi
1274 3154 1423 3227 vult
1465 3154 1652 3227 istud
1688 3150 1847 3252 ἦτοι
1896 3156 1967 3226 in
2013 3157 2247 3229 media
2280 3160 2672 3233 sententia?

285 3261 627 3333 Nimirum
663 3258 736 3333 id
768 3260 874 3333 sic
974 3258 1229 3331 ositum
1275 3279 1433 3329 esse
1471 3258 1567 3329 ait
1617 3281 1687 3329 v.
1729 3259 1849 3331 29.
1925 3263 1997 3331 ἐκ
2034 3259 2107 3331 δὲ
2133 3260 2524 3337 τελευτάσει
2560 3288 2671 3335 ,νιν

286 3358 449 3461 ἦτοι
498 3365 838 3457 σάμερον,
890 3282 1008 3434 agi
1055 3385 1195 3455 quo
1243 3383 1454 3434 sensu
1494 3361 2076 3435 Schneidewinus
2120 3363 2281 3460 ἤτοι
2317 3366 2673 3459 scripserit

287 3489 434 3543 non
484 3466 656 3538 satis
702 3465 1025 3560 perspici.
1116 3464 1209 3535 At
1255 3464 1327 3536 id
1363 3475 1556 3538 recte
1604 3468 1863 3539 factum
1912 3489 2103 3553 esse,
2144 3477 2215 3537 et
2247 3469 2477 3561 potius
2512 3463 2673 3566 ἦτοι

290 3592 508 3647 sensu
543 3591 788 3645 carere
815 3569 1323 3664 apertissimum
1352 3579 1480 3658 est,
1520 3580 1933 3663 poteratque
1968 3592 2109 3642 non
2136 3573 2672 3667 perspicientem

290 3673 555 3746 docere
591 3673 1021 3747 scholiastes.
1097 3672 1368 3746 Deinde
1402 3694 1574 3744 vero
1613 3674 1784 3769 quid
1823 3673 2119 3746 obsecro
2158 3684 2266 3746 est
2302 3677 2377 3751 ἴς.)
2454 3677 2674 3755 Inter-
2754 3684 2759 3691 ’

290 3788 605 3872 pretatur
663 3777 963 3853 sententi
971 3799 1082 3849 am
1155 3777 1287 3847 sic:
1357 3771 1643 3871 Seripho
1704 3800 1981 3851 samam
2043 3786 2286 3849 sortem
2340 3776 2556 3849 attulit
2612 3785 2674 3846 cl

291 3874 707 3999 Polydecten
738 3878 916 3952 ultus
962 3888 1075 3952 est.
1163 3879 1322 3953 Non
1372 3881 1540 3951 satis
1597 3890 1750 3953 erat
1799 3881 1979 3953 scire
2020 3888 2054 3951 ὶ
2081 3901 2468 3979 pronomen
2514 3901 2672 3953 esse

289 3986 539 4059 tertiae
584 4006 962 4101 personae,
1002 3983 1130 4059 sed
1183 3983 1548 4055 sciendum
1603 3995 1756 4056 erat
1792 3985 1999 4055 etiam
2046 3985 2253 4079 quale
2289 4005 2673 4076 pronomen

287 4099 485 4161 esset
529 4098 600 4159 et
650 4087 768 4181 qui
820 4098 1008 4163 esset
1053 4088 1204 4158 eius
1251 4110 1435 4160 usus.
1525 4085 1737 4181 Atqui
1797 4086 1869 4159 id
1918 4087 2058 4161 duo
2105 4109 2282 4180 quos
2333 4087 2534 4161 affert
2585 4088 2674 4159 ab

288 4194 415 4269 Im.
436 4191 755 4269 Bekkero
774 4191 1125 4265 emendati
1148 4191 1281 4263 Ιοοι
1300 4191 1623 4275 Platoms
1643 4191 1896 4285 quibus
1914 4190 2194 4262 tertium
2219 4190 2311 4262 ab
2328 4191 2674 4265 Ruckerto

286 4295 676 4371 indicatum
733 4295 803 4369 in
850 4296 933 4369 X.
992 4295 1084 4366 de
1130 4316 1278 4388 rep.
1331 4319 1397 4388 p.
1458 4294 1744 4366 6⁴7.E
1751 4350 1766 4364 .
1808 4294 2072 4367 addere
2122 4304 2417 4391 poterat,
2457 4305 2527 4367 et
2564 4294 2674 4367 v-el

289 4398 663 4495 Sophoclis
709 4399 878 4471 licet
928 4397 1486 4495 corruptissimus
1548 4419 1798 4469 versus
1817 4452 1835 4484 ‚
1875 4420 1967 4470 ex
2008 4419 2147 4490 quo
2199 4398 2421 4491 prima
2480 4398 2675 4479 istius

289 4502 729 4599 pronominis
766 4503 1007 4575 notitia
1034 4512 1324 4596 accepta
1362 4511 1491 4585 est,
1530 4511 1919 4573 monstrare
1948 4500 2324 4587 debebant,
2363 4502 2479 4594 qui
2516 4521 2676 4570 ver-

289 4629 422 4679 sus
459 4606 836 4700 imperitius
875 4608 1105 4690 etiam,
1144 4627 1357 4699 quam
1407 4605 1496 4679 ab
1534 4605 1711 4689 aliis,
1750 4605 1843 4675 ab
1879 4606 1925 4676 l.
1970 4606 2047 4675 A.
2092 4605 2446 4697 Hartungo
2483 4604 2555 4672 in
2588 4624 2676 4673 eo
