3328 5326
1125 365 1736 429 ARISTOPHANES.
2495 368 2623 429 253

267 581 321 651 p.
351 557 437 629 37
463 580 536 629 se
563 557 1122 653 appropinquant,
1166 581 1232 652 p.
1269 557 1364 629 46
1407 556 1864 652 sinyularitaa,
1903 580 1967 651 p.
2004 559 2101 631 52
2128 558 2245 629 ein
2276 559 2626 653 unrichtig

262 660 700 754 gebrauchtes
754 663 915 756 quan
964 662 1371 733 vei-mieden
1418 662 1716 732 werden
1788 663 2091 732 konnen.
2212 659 2621 735 Lacomam‘a

260 775 405 835 statt
437 761 940 836 Laconomam’a
979 788 1043 858 p.
1084 767 1176 835 ⁴8
1211 764 1308 836 ist
1344 766 1457 835 ein
1496 764 1976 836 Druckfehler.

1221 1057 1633 1066 ψ·-

502 1292 621 1375 DE
672 1291 962 1375 onom)
1016 1290 1515 1375 VESPARUM
1566 1291 2266 1376 ARISTOPHANIS.
2280 1296 2348 1392 ³³)

432 1504 642 1588 Quod
692 1505 760 1574 in
813 1504 1190 1597 tragoediis
1241 1504 1666 1575 Graecorum
1706 1505 2028 1576 usitatum
2081 1505 2243 1589 fuit,
2297 1517 2373 1575 ut
2416 1505 2613 1577 chori
2632 1515 2738 1576 μ*

244 1606 337 1674 vel
370 1607 635 1700 aliquot
671 1629 1018 1702 personae
1054 1609 1167 1678 vel
1205 1630 1448 1678 omnes
1486 1608 1801 1699 singulae
1831 1609 2204 1701 separatim
2241 1609 2614 1700 loqueren-

247 1720 341 1779 tur
389 1721 850 1797 canerentve,
914 1711 985 1783 id
1037 1715 1247 1782 etiam
1301 1711 1827 1783 comoediarum
1880 1711 2256 1806 scriptores
2308 1712 2613 1784 imitatos

244 1832 383 1882 esse
418 1815 696 1909 Vespae
730 1814 1217 1908 Aristophanis
1255 1815 1531 1886 duobus
1568 1816 1992 1886 carminibus
2036 1825 2379 1886 testantur
2416 1812 2615 1887 lucu-

243 1916 630 1988 lentissime.
718 1918 1019 1990 Chorum
1072 1919 1252 1990 illius
1305 1920 1580 1990 fabulae
1631 1919 2133 2012 Aristophanes
2179 1940 2271 1989 ex
2325 1921 2612 1992 senibus

243 2023 650 2114 composuit,
704 2021 1101 2094 hominibus
1155 2023 1609 2117 pauperibuS,
1659 2023 2110 2116 cupidissime
2160 2024 2615 2115 fungentibus

241 2144 512 2196 munere
564 2125 904 2210 iudicum,
954 2148 1093 2222 quo
1147 2136 1218 2196 et
1254 2128 1469 2197 vitam
1505 2127 1836 2197 mercede
1874 2125 2180 2197 iudiciali
2221 2127 2611 2197 sustineant

241 2238 301 2296 et
341 2230 673 2322 expleant
723 2229 1057 2300 invidiam
1103 2251 1301 2301 suam
1338 2229 1714 2300 multandis
1752 2230 2115 2313 divitibus,
2156 2251 2333 2321 quos
2372 2230 2611 2324 prodi-

238 2331 424 2402 tionis
475 2333 1051 2404 insimulaverint.
1147 2332 1398 2403 Similis
1466 2333 1655 2428 apud
1721 2355 1851 2404 nos
1913 2354 2193 2425 quoque
2246 2333 2410 2403 olim
2480 2334 2614 2404 da-

239 2436 506 2507 mnandi
561 2436 908 2531 cupiditas
957 2436 1028 2505 in
1074 2437 1400 2508 mulieres
1463 2437 1712 2509 artium
1768 2437 2194 2530 magicarum
2242 2448 2607 2530 suspectas

236 2540 502 2625 saeviit3
584 2562 769 2612 nunc
834 2551 1067 2610 autem
1144 2541 1567 2612 contrarium
1632 2542 1937 2612 furorem
2001 2539 2324 2610 mollities
2387 2542 2613 2612 seculi

238 2644 631 2716 caussidicis
670 2654 741 2715 et
776 2643 1123 2717 iudicibus
1154 2644 1535 2740 inspiravit,
1574 2668 1791 2738 quum
1817 2642 2143 2716 homines
2170 2646 2613 2717 facinorosos

237 2758 298 2816 ut
331 2749 581 2819 mentis
617 2769 760 2818 non
798 2759 1159 2842 compotes
1197 2749 1612 2820 subtrahere
1648 2748 1992 2843 supplicio
2020 2749 2430 2819 allaborant.
2492 2750 2611 2820 Sic

235 2848 559 2922 hodierna
594 2854 745 2923 fere
781 2853 1039 2944 ubique
1076 2853 1322 2923 similia
1361 2852 1660 2945 antiquis
1698 2851 2165 2923 inveniuntur.
2250 2852 2347 2921 Illi
2398 2853 2613 2945 igitur

232 2952 701 3051 Aristophanis
747 2955 1194 3026 damnatores
1240 2977 1448 3026 senes
1509 2965 1672 3025 ante
1732 2957 1965 3026 lucem
2013 2955 2248 3048 pueris
2301 2955 2613 3026 laternas

231 3059 773 3148 praeferentibus
812 3058 904 3129 ad
940 3058 1237 3130 tribunal
1274 3058 1592 3143 tendunt,
1632 3058 1704 3127 in
1731 3059 1846 3128 via
1874 3057 2394 3128 Philocleonem
2429 3080 2608 3129 evo-

230 3163 468 3248 caturi,
523 3184 737 3256 quem
782 3161 1034 3234 eadem
1072 3162 1183 3232 illa
1219 3161 1601 3256 cupiditate
1638 3160 2048 3254 flagrantem
2087 3159 2267 3231 filius
2304 3160 2492 3231 domi
2530 3162 2603 3230 in

227 3265 535 3338 custodia
571 3276 786 3338 tenet.
842 3265 1043 3337 Pueri
1084 3265 1195 3336 isti
1231 3265 1292 3336 si
1326 3265 1495 3334 nihil
1530 3265 1663 3334 nisi
1703 3264 2212 3358 praelucerent,
2252 3265 2459 3335 facile
2495 3266 2610 3334 vi-

229 3366 363 3438 deri
399 3380 694 3464 possent
726 3391 869 3440 non
907 3390 1066 3441 esse
1104 3370 1174 3440 in
1210 3369 1562 3440 choreutis
1606 3368 2044 3439 numerandi.
2129 3367 2217 3437 At
2262 3381 2333 3438 et
2386 3369 2608 3439 collo—

223 3483 517 3563 quuntur
552 3496 716 3547 cum
749 3473 1035 3545 senibus
1073 3483 1144 3544 et
1180 3482 1474 3556 canunt3
1527 3482 1778 3566 postea
1815 3482 2080 3556 autem,
2121 3471 2449 3542 Cleonem
2487 3494 2609 3542 ar·-

224 3595 493 3648 cessere
548 3578 751 3663 iussi,
805 3578 1069 3649 abeunt
1119 3577 1207 3648 ab
1256 3576 1639 3648 orchestra.
1724 3577 1826 3646 Ac
1874 3587 2073 3670 putet
2107 3576 2262 3669 quis
2302 3578 2603 3646 fortasse

220 3681 692 3774 segregandos
744 3702 904 3752 esse
954 3702 996 3751 a
1046 3680 1289 3775 viginti
1336 3689 1667 3773 quattuor
1727 3679 2118 3764 choreutiS,
2180 3700 2320 3750 non
2374 3679 2601 3749 solum

220 3784 368 3874 quia
403 3785 849 3857 dimittuntur
887 3784 1004 3885 ubi
1039 3805 1182 3855 non
1238 3784 1531 3879 amplius
1567 3804 1746 3876 opus
1783 3795 1892 3854 est
1924 3782 2183 3877 pueriS,
2222 3782 2351 3854 sed
2387 3783 2600 3852 etiam

217 3888 395 3978 quod
433 3900 917 3984 spectatorum
954 3909 1206 3960 caussa
1239 3908 1448 3959 veros
1485 3885 1831 3959 introduci
1885 3907 2140 3981 pueros
2187 3886 2594 3980 oportuerit,

217 4010 294 4060 ne
347 3992 654 4065 offensui
699 4001 938 4063 essent
989 3990 1207 4064 adulti
1243 4008 1619 4085 puerorum
1656 3991 1969 4084 partibus
2007 3991 2413 4081 fungentes:
2469 4008 2601 4084 po-

216 4096 419 4167 tuisse
457 4097 650 4167 enim
688 4096 874 4167 dicta
910 4096 1200 4167 istorum
1236 4115 1619 4189 puerorum
1646 4093 1902 4164 eodem
1929 4091 2165 4177 modo,
2200 4113 2344 4185 quo
2380 4115 2597 4187 quum

214 4195 275 4266 in
312 4200 682 4293 tragoedia
718 4199 917 4293 pueri
953 4199 1351 4291 loquuntur,
1391 4217 1433 4266 a
1466 4197 1820 4269 choreutis
1848 4196 1963 4268 vel
1998 4194 2448 4268 histrionibus
2483 4217 2607 4267 re-

216 4301 400 4375 citari
449 4303 717 4375 canive.
803 4303 1242 4394 Quamquam
1286 4301 1420 4371 hoc
1473 4322 1718 4395 parum
1766 4301 1908 4371 veri
1946 4299 2169 4371 simile
2205 4310 2333 4372 est.
2419 4299 2595 4370 Nam

219 4406 395 4496 quod
463 4406 711 4479 horum
777 4415 1346 4499 argumentorum
1409 4404 1901 4498 gravissimum
1967 4414 2114 4490 est,
2192 4425 2332 4475 non
2405 4412 2600 4474 recte

378 4607 437 4693 *)
480 4607 664 4672 Edita
693 4619 789 4673 est
816 4629 875 4671 a.
909 4609 1098 4670 ⁴843.
