3328 5326
660 344 781 404 204
1630 340 2060 401 EURIPIDES.

663 535 792 604 bus
831 532 1411 610 luctuosissimum
1447 532 1641 624 regni
1671 532 1942 602 Troiani
1979 530 2324 601 interitum
2362 527 2617 600 eximie
2655 530 3023 623 descripsit

664 658 781 721 eo,
836 636 1024 727 quod
1078 636 1388 728 captivas
1433 636 1757 706 mulieres
1794 634 2122 705 Troianas
2174 634 2414 705 sortito
2462 633 2742 704 Graecis
2793 633 3028 704 distri-

662 741 866 810 butas
917 739 1109 823 fecit,
1178 739 1243 807 in
1311 739 1529 830 iisque
1584 739 1811 831 regias
1871 737 2165 830 virgines
2216 736 2675 807 Cassandram
2724 735 3030 828 Agame-

662 842 896 912 mnoni
927 842 1185 926 datam,
1207 842 1626 934 Polyxenam
1655 842 1725 911 in
1754 842 2015 912 tumulo
2041 839 2328 913 Achillis
2357 840 2756 932 iugulatam,
2775 862 3031 911 nurum

664 945 992 1016 Hecubae
1065 943 1625 1016 Andromacham
1703 945 2156 1037 Neoptolemo
2226 954 2512 1037 nuptum
2586 964 3027 1028 concessam,

664 1048 1017 1140 filiumque
1073 1050 1220 1120 eius
1264 1048 1758 1141 Astyanactem
1808 1048 1898 1118 de
1948 1069 2146 1119 muro
2196 1048 2749 1140 praecipitatum,
2804 1047 3030 1139 ipsam

662 1152 1132 1244 grandaevam
1180 1152 1362 1245 regis
1400 1151 1644 1223 Priami
1684 1152 2053 1243 coniugem
2087 1151 2477 1235 Hecubam,
2515 1151 2830 1222 orbatam
2875 1172 3034 1220 om*

662 1255 865 1326 nibus
903 1277 1075 1348 quos
1113 1277 1277 1326 suos
1311 1265 1824 1339 numeraverat,
1864 1275 2139 1324 servam
2175 1254 2712 1325 detestatissimo
2750 1253 3035 1324 inimico

666 1358 841 1428 Ulixi
900 1359 1356 1444 destinatam,
1422 1359 1725 1450 denique
1789 1380 2033 1444 omnes
2097 1379 2278 1449 quae
2337 1358 2742 1452 superstites
2806 1367 3034 1440 erant,

669 1472 943 1555 praeter
992 1463 1366 1533 abductam
1412 1462 1622 1532 modo
1675 1463 1761 1532 ab
1798 1461 2254 1555 Neoptolemo
2290 1459 2884 1545 Andromacham,
2926 1461 3037 1530 in-

547 1598 596 1651 p.
619 1565 989 1636 icendium
1037 1575 1356 1637 vastatae
1408 1566 1595 1637 urbis
1641 1587 1810 1637 suae
1877 1565 2366 1657 adspectantes
2419 1563 3028 1656 deplorantesque.

664 1670 892 1761 Atque
929 1670 1059 1740 etsi
1095 1669 1490 1762 Polyxenae
1525 1680 1782 1753 morte,
1825 1689 2002 1761 quae
2052 1670 2201 1739 sola
2237 1668 2546 1761 integrae
2581 1677 2857 1761 poterat
2893 1676 3038 1737 tra-

664 1772 958 1866 goediae
987 1782 1468 1865 argumentum
1498 1774 1860 1865 praebere,
1892 1772 2114 1843 minus
2142 1793 2348 1864 quam
2380 1793 2422 1843 a
2447 1781 2763 1843 materno
2793 1791 3035 1841 amore

666 1876 1049 1969 exspectari
1102 1886 1405 1970 poterat,
1462 1886 1940 1950 commovetur
1982 1876 2293 1959 Hecuba,
2332 1885 2563 1946 tamen
2603 1873 3040 1946 Cassandrae

666 1980 936 2050 Troiam
982 2000 1107 2051 sua
1155 2003 1314 2052 cum
1365 1980 1671 2073 pernicie
1709 1980 1977 2051 ulturae
2026 1979 2391 2049 bacchatio
2429 1981 2786 2070 praeclare
2823 1986 2898 2047 et
2935 1978 3041 2047 in-

664 2093 876 2154 venta
912 2093 985 2156 et
1020 2086 1372 2156 enuntiata
1412 2094 1538 2155 est.
1606 2085 1787 2168 Quin
1825 2081 2330 2174 aliquid-etiam
2368 2082 2706 2175 Talthybii
2743 2102 3040 2174 praeco-

664 2190 771 2260 nis
836 2187 1231 2264 misericors
1298 2186 1569 2260 animus
1635 2187 1726 2258 ad
1786 2185 2182 2280 augendum
2233 2207 2623 2257 maerorem
2670 2185 3040 2256 mulierum

666 2293 962 2360 confert.
1048 2290 1201 2364 Non
1237 2300 1444 2362 recte
1495 2292 1681 2362 enim
1732 2292 2125 2383 suspicatur
2175 2289 2591 2360 scholiastes
2631 2288 2721 2358 ad
2756 2311 2823 2358 v.
2861 2288 2906 2358 7
2915 2287 3034 2360 24.

665 2393 855 2485 quod
899 2393 1188 2464 Hecuba
1239 2393 1556 2464 nuntium
1608 2394 2062 2466 accedentem
2111 2392 2549 2485 conspiciens
2583 2414 2724 2462 non
2761 2391 3043 2484 Talthy-

663 2496 856 2567 bium
893 2498 1225 2581 nominet,
1265 2496 1392 2567 sed
1429 2495 1556 2567 τίν’
1597 2492 1688 2568 αὖ
1726 2498 2016 2592 δέδορκα
2051 2492 2242 2570 τόνδ’
2282 2494 2613 2585 Ἀχαὶάιὸν
2647 2492 2898 2589 λάτριν
2936 2495 3042 2565 di-

667 2609 801 2685 cat,
841 2599 1027 2672 hunc
1060 2621 1202 2670 non
1241 2620 1397 2673 esse
1435 2598 1888 2693 Talthybium.
1973 2599 2126 2673 Non
2162 2600 2391 2671 solent
2424 2599 2667 2692 tragici
2701 2619 3041 2692 personas

667 2725 807 2772 non
860 2704 1292 2776 necessarias
1341 2703 1820 2789 introducere,
1877 2714 1948 2775 et
2007 2704 2079 2773 in
2134 2703 2354 2776 tribus
2403 2703 2610 2788 locis,
2662 2703 2734 2772 in
2784 2703 3038 2794 quibus

666 2807 998 2900 praeconi
1033 2807 1104 2876 in
1140 2807 1271 2879 hac
1310 2808 1541 2879 fabula
1582 2808 1842 2901 aliquid
1878 2806 2226 2901 agendum
2265 2816 2397 2891 est,
2435 2807 2620 2877 idem
2657 2807 3036 2898 ingenium,

664 2911 916 2982 eadem
963 2932 1162 2985 mens
1210 2911 1510 2984 hominis
1555 2923 1869 3004 apparet.
1962 2913 2037 2982 In
2087 2911 2351 2983 Helena
2400 2931 2602 2994 vei-0,
2670 2930 2853 3002 quae
2903 2931 3037 2980 nec

666 3016 1026 3107 praeteriri
1055 3037 1186 3085 nec
1215 3037 1359 3089 non
1388 3016 1578 3093 luere
1607 3015 2023 3089 adulterium
2051 3014 2518 3106 afflictamque
2547 3023 2649 3085 tot
2675 3013 3036 3084 funeribus

666 3118 1025 3191 Graeciam
1054 3129 1350 3212 poterat,
1380 3116 1664 3193 indulsit
1691 3118 2059 3212 Euripides
2086 3117 2315 3189 studio
2343 3116 2465 3201 illi,
2495 3138 2636 3209 quo
2663 3117 3035 3210 populares

584 3313 587 3316 .
666 3224 816 3295 eius
854 3232 1208 3294 oratorum
1233 3225 1302 3295 in
1332 3222 1605 3293 iudiciis
1633 3221 2197 3293 altercationibus
2233 3221 2783 3304 delectabantur,
2823 3241 3036 3312 quum

666 3347 824 3396 eam
860 3328 1165 3418 argutius
1203 3347 1412 3417 quam
1448 3325 1856 3418 prudentius
1892 3346 1970 3397 se
2005 3333 2417 3416 purgantem
2450 3326 2634 3395 fecit.
2704 3323 2849 3393 Nec
2888 3325 3038 3393 lau-

667 3429 983 3501 daverim
1018 3430 1315 3501 Menelai
1354 3429 1677 3520 ignavam
1727 3428 2090 3498 ferociam:
2149 3427 2276 3498 sed
2332 3428 2518 3499 hunc
2568 3436 2644 3498 ut
2686 3427 3036 3497 hominem

668 3533 1298 3606 Lacedaemonium
1348 3533 1498 3601 istis
1549 3532 1863 3602 moribus
1914 3529 2178 3623 fingere
2234 3531 2553 3601 solebant
2599 3530 2864 3622 tragici.
2964 3531 3036 3599 In

671 3637 1072 3709 universum
1100 3645 1332 3706 autem
1361 3634 1536 3704 haec
1562 3634 1923 3727 tragoedia
1953 3635 2305 3727 egregiam
2341 3634 2632 3727 praebet
2665 3634 3035 3726 imaginem

668 3741 1101 3811 tristissimae
1137 3739 1457 3809 miseriae
1483 3739 1851 3810 mulierum
1878 3759 2126 3811 eversa
2166 3741 2542 3830 excisaque
2580 3737 2800 3829 patria
2839 3736 3033 3818 urbe,

669 3847 924 3936 ereptis
973 3844 1491 3933 interfectisque
1549 3841 1924 3912 crudeliter
1975 3841 2296 3912 omnibus
2345 3863 2520 3933 quos
2577 3860 2778 3911 caros
2814 3839 3035 3909 habu-

668 3958 893 4031 erant,
957 3948 1048 4018 ad
1108 3946 1657 4039 indignissimam
1718 3944 1906 4037 apud
1969 3946 2274 4015 victores
2338 3944 2576 4015 hostes
2626 3944 3033 4014 servitutem

668 4049 1090 4121 abeuntium.
1181 4050 1258 4121 Id
1324 4051 1551 4142 ipsum
1626 4059 1859 4121 autem
1919 4049 2348 4141 propositum
2409 4047 2750 4118 habuerat
2802 4056 3024 4139 poeta.

669 4151 1035 4244 Prologum
1073 4153 1183 4222 ille
1221 4153 1312 4224 de
1347 4173 1544 4225 more
1579 4151 1810 4247 potius
1844 4173 1972 4225 suo
2002 4150 2294 4235 addidit,
2332 4170 2540 4243 quam
2577 4149 2769 4242 quod
2805 4148 3032 4220 fabula

668 4276 755 4326 eo
807 4276 982 4348 opus
1036 4255 1343 4326 haberet.
1430 4255 1585 4325 Non
1634 4255 1820 4324 enim
1857 4256 2066 4326 alium
2109 4275 2304 4326 usum
2343 4263 2681 4347 praestat,
2720 4274 2926 4345 quam
2961 4259 3033 4321 ut

668 4358 942 4429 discant
985 4368 1414 4450 spectatores
1462 4358 1820 4431 mulierem
1858 4380 2066 4451 quam
2116 4358 2307 4430 humi
2321 4392 2329 4415 :
2355 4357 2700 4428 iacentem
2753 4355 3032 4443 videant

669 4462 1024 4533 Hecubam
1078 4483 1256 4534 esse.
1337 4461 1414 4532 Id
1465 4482 1634 4533 vero
1686 4483 1778 4532 ex
1822 4462 2036 4555 ipsius
2090 4470 2411 4554 poterant
2448 4461 2775 4532 Hecubae
2809 4457 3029 4529 verbis

669 4586 1117 4658 cognoscere.
1194 4564 1332 4636 Sed
1368 4564 1643 4636 videtur
1691 4565 2057 4659 Euripides
2095 4564 2351 4656 aliquid
2389 4563 2776 4637 ornamenti
2828 4582 3030 4632 exor-
3068 4570 3074 4577 ·
