3328 5326
1180 383 1657 450 AESCHYLUS.
2503 388 2624 452 ⁴37

260 574 606 645 invenisse
636 573 1022 646 affirmavit.
1060 575 1154 646 At
1179 577 1421 648 nescio
1445 598 1537 647 an
1565 577 1639 649 id
1666 588 1902 649 tamen
1929 600 2174 650 verum
2199 579 2311 663 sit,
2339 580 2626 672 quando

257 678 304 747 Ι.
340 677 734 763 BekkeruS,
789 679 908 771 qui
957 680 1094 773 legi
1141 680 1350 751 istum
1400 702 1681 753 versum
1731 682 1802 752 in
1848 681 2056 753 codd.
2100 682 2500 754 Ravennate
2552 694 2625 755 et

256 781 621 853 Mutinensi
675 782 1062 868 adnotavit,
1114 794 1355 854 tacens
1402 784 1494 855 de
1540 786 1803 879 optimo
1840 785 1999 857 cod.
2030 785 2330 872 Veneto,
2377 787 2451 856 in
2486 787 2622 859 hoc

256 884 423 955 libro
472 885 725 956 deesse
774 908 936 958 eum
984 886 1253 959 videtur
1300 886 1713 979 significare.
1825 889 2078 960 Credat
2126 890 2281 981 quis
2327 891 2623 961 fortasse

256 987 536 1059 defendi
571 989 760 1061 illum
795 1009 1078 1061 versum
1112 1012 1322 1084 posse
1345 1043 1364 1075 ,
1401 991 1463 1061 si
1496 992 1777 1066 Baccho
1815 993 2048 1086 inepte
2084 1003 2161 1065 nt
2189 993 2376 1064 solet
2411 994 2624 1064 inter-

255 1091 562 1184 loquenti
607 1092 979 1164 tribuatur:
1031 1114 1274 1165 verum
1314 1094 1410 1163 ita
1460 1116 1607 1165 non
1650 1108 1793 1166 tam
1828 1096 2177 1181 BacchnS,
2215 1118 2424 1189 quam
2472 1097 2623 1191 ipse

252 1194 750 1289 Aristophanes
801 1219 880 1268 se
931 1197 1211 1269 stultum
1274 1197 1636 1290 omnisque
1698 1199 1933 1280 iudicii
1990 1210 2356 1293 expertem
2421 1221 2625 1293 prae—

253 1297 534 1369 buisset.
595 1300 768 1370 Nam
806 1321 1017 1393 quum
1054 1300 1518 1393 quaesivisset
1552 1301 1894 1388 Bacchus,
1930 1303 2099 1395 quid
2135 1303 2227 1374 de
2262 1302 2623 1375 Alcibiade

252 1403 538 1473 sentiret
571 1402 957 1496 Aeschylus
975 1457 994 1487 ,
1033 1425 1174 1475 non
1210 1403 1421 1475 modo
1457 1404 1847 1498 importune
1895 1406 2365 1502 interpellaret
2411 1428 2623 1499 quam

253 1505 491 1576 audire
541 1507 826 1578 volebat
873 1508 1200 1601 Aeschyli
1262 1508 1679 1578 sententiam
1699 1562 1718 1593 ,
1770 1509 1898 1580 sed
1950 1511 2161 1581 etiam
2213 1521 2455 1603 arguta
2505 1511 2620 1580 illa

250 1610 463 1679 leonis
519 1619 592 1679 et
642 1610 849 1681 catuli
900 1611 1152 1681 leonini
1207 1610 1556 1681 distinctio
1576 1665 1594 1695 ‚
1649 1632 1786 1704 qua
1813 1614 2245 1705 ‚gravissima
2288 1613 2620 1706 Aeschyli

253 1713 600 1784 sententia
636 1714 1184 1808 interrumpitur,
1224 1724 1364 1785 tam
1401 1714 1565 1784 nihil
1602 1717 1992 1795 acuminis,
2012 1717 2181 1789 nihil
2211 1717 2376 1788 salis
2398 1769 2417 1801 ,
2452 1718 2622 1788 nihil

250 1816 542 1909 leporiS,
595 1817 879 1887 omnino
930 1817 1099 1887 nibil
1153 1818 1465 1889 utilitatis
1513 1818 1759 1903 habet,
1798 1832 2048 1891 utnon
2099 1822 2432 1904 illustret,
2475 1843 2619 1892 non
2637 1839 2768 1899 psa

252 1920 558 2006 roboret,
586 1941 730 1990 non
756 1933 1013 2013 augeat
1036 1921 1178 1992 vim
1205 1921 1373 1991 dicti
1402 1921 1796 2014 Aeschylei,
1834 1923 1959 1995 sed
1999 1925 2250 2010 turbet,
2281 1924 2619 2010 debilitet,

252 2026 537 2117 frangat.
598 2024 780 2109 Quin
815 2024 969 2117 ipsa
1002 2024 1222 2095 verba
1255 2025 1372 2116 qni
1411 2024 1831 2110 consideret,
1869 2024 2176 2118 μάλιστα
2211 2025 2341 2118 μὲν
2374 2029 2622 2099 λέοντα

249 2126 338 2223 μὴ
388 2131 469 2199 ἐν
521 2125 716 2199 πόλει
761 2129 1045 2220 τρέφειν
1064 2177 1090 2217 ,
1159 2128 1498 2221 numquid
1559 2129 1745 2200 alind
1805 2151 2017 2222 quam
2076 2129 2493 2201 scholiastae
2543 2152 2622 2201 se

250 2229 481 2323 legere
517 2230 735 2301 verba
770 2230 1061 2323 putabit,
1099 2252 1195 2301 ex
1229 2233 1431 2303 cuius
1467 2253 1554 2303 ea
1589 2234 2027 2303 enarratione
2061 2233 2317 2308 fuerint
2352 2233 2621 2304 scribae

250 2334 540 2406 alicuius
576 2334 848 2404 inscitia
900 2356 1061 2405 cum
1110 2345 1363 2427 poetae
1400 2335 1634 2406 verbis
1671 2337 2086 2407 coniuncta?
2171 2337 2370 2407 Hunc
2416 2337 2621 2429 igitur

250 2459 528 2508 versum
576 2447 767 2508 recte
819 2459 861 2508 a
909 2439 1255 2510 Brunckio
1323 2439 1624 2530 eiectum
1683 2439 2159 2533 emissumque
2213 2461 2256 2509 a
2305 2439 2621 2511 Bekkero

251 2541 443 2611 fateri
497 2540 930 2612 debebimus.
1013 2540 1116 2611 Ac
1174 2553 1334 2614 sunt
1384 2540 1594 2616 etiam
1651 2543 1787 2614 alia
1839 2544 1912 2613 in
1960 2543 2093 2615 ista
2138 2542 2622 2637 Aristophanis

252 2644 615 2716 comoedia
651 2645 740 2716 ab
779 2645 1382 2740 interpolatoribus
1418 2645 1695 2718 adiecta
1716 2701 1734 2731 ,
1772 2669 1911 2740 quo
1948 2647 2019 2718 in
2056 2670 2346 2720 numero
2383 2647 2621 2719 nescio

252 2770 334 2819 an
366 2751 462 2820 sit
496 2750 709 2819 etiam
745 2770 990 2821 versus
1033 2750 1354 2821 editionis
1391 2750 1874 2822 Brunckianae
1916 2750 2134 2825 ⁴429.
2176 2773 2340 2822 nam
2375 2774 2622 2823 versus

256 2850 1057 2925 ⁴437—4444.-4452.
1120 2851 1342 2925 4453.
1392 2864 1633 2947 aperte
1698 2855 2125 2947 suppositicii
2185 2864 2368 2926 sunt.
2481 2855 2624 2926 Iam

249 2979 407 3027 vero
446 2957 504 3027 si
538 2957 704 3040 iste,
744 2954 837 3026 de
870 2977 1009 3048 quo
1045 2956 1306 3027 dictum
1343 2969 1452 3026 est
1489 2979 1736 3029 versus
1783 2979 1928 3028 non
1973 2969 2083 3030 est
2114 2957 2619 3050 Aristophanis,

254 3059 700 3152 consequitur
762 3069 837 3130 ut
897 3081 1039 3130 non
1101 3059 1190 3130 sit
1238 3059 1630 3152 Aeschylus
1685 3059 1776 3131 de
1828 3060 2250 3154 Astyanacte
2320 3062 2616 3133 locutus

251 3164 484 3256 Itaque
531 3164 745 3235 multa
789 3163 1072 3255 quidem
1120 3164 1473 3280 multoque
1538 3164 1739 3256 plura
1788 3185 1999 3256 quam
2041 3186 2218 3259 opus
2277 3175 2428 3235 erat
2477 3162 2623 3235 dis-

247 3276 487 3389 putata
529 3279 719 3351 sunt,
768 3267 898 3338 sed
948 3267 1007 3337 si
1056 3268 1209 3358 quis
1261 3277 1550 3359 quaerat
1592 3267 1764 3359 quid
1799 3267 2121 3340 effectum
2159 3268 2250 3338 sit
2286 3277 2359 3339 ut
2395 3268 2624 3360 aliqua

247 3369 461 3441 Ἰλίου
512 3372 753 3464 πέρσις
795 3370 865 3438 in
918 3371 1144 3442 lucem
1194 3369 1533 3463 prodiret,
1588 3369 2064 3443 confitendum
2114 3372 2245 3442 erit
2297 3372 2622 3443 effectum

252 3493 405 3544 esse
443 3473 643 3559 nihil,
682 3474 1062 3566 quaerique
1098 3474 1476 3545 etiamnum
1522 3474 1804 3566 aliquod
1841 3475 1990 3547 eius
2031 3474 2432 3569 tragoediae
2467 3497 2619 3547 cer-

252 3586 393 3646 tum
429 3578 809 3669 vestigium.

455 3680 666 3772 Igitur
718 3681 851 3751 alio
902 3680 1114 3751 modo
1163 3702 1312 3751 rem
1365 3682 1766 3774 aggreditur
1812 3681 2221 3753 Welckerus
2272 3682 2345 3750 in
2381 3682 2616 3774 Suppl.

254 3782 424 3853 Mus.
461 3783 680 3854 Rhen.
729 3784 804 3853 Il.
858 3788 920 3853 l.
969 3807 1034 3876 p.
1072 3785 1163 3854 39
1205 3805 1398 3875 seqq.
1510 3786 1608 3855 lbi
1672 3807 1799 3878 pro
1862 3796 2055 3856 certo
2118 3784 2620 3877 exploratoque

253 3886 455 3955 sumit
504 3888 863 3980 scripsisse
914 3887 1337 3981 Aeschylum
1379 3887 1598 3959 Ἰλίου
1650 3891 1922 3982 πέρσιν.
2012 3888 2102 3957 At
2150 3908 2244 3959 ex
2293 3908 2378 3957 eo
2431 3886 2621 3979 quod

253 4010 380 4059 nec
419 3990 963 4061 demonstratum
998 4011 1584 4061 nec-concessum
1612 4003 1722 4061 est
1747 3991 1934 4063 nulla
1966 3990 2184 4085 promi
2214 4002 2623 4084 argumenta

252 4105 557 4183 possunt.
632 4094 1124 4165 Verumtamen
1176 4103 1371 4188 putat
1420 4116 1533 4165 me
1579 4115 2107 4167 concessurum:
2157 4093 2347 4186 quod
2394 4094 2497 4165 sic
2542 4116 2620 4165 se

257 4208 723 4269 assecuturum
753 4208 1008 4291 sperat.
1067 4197 1415 4283 Quamdiu
1439 4199 1626 4270 nulla
1652 4209 1819 4269 nota
1856 4199 1945 4269 sit
1970 4197 2325 4292 Aeschyli,
2361 4199 2620 4271 multae

256 4310 483 4370 autem
520 4300 876 4395 Sophoclis
914 4312 985 4371 et
1019 4300 1369 4395 Euripidis
1413 4301 1841 4394 tragoediae,
1882 4323 2062 4394 quae
2097 4320 2240 4373 non
2278 4302 2618 4396 trilogice,

259 4401 384 4471 sed
421 4404 590 4474 κατὰ
624 4407 836 4497 μέρος
872 4405 1301 4499 compositae
1353 4404 1521 4491 sint,
1561 4417 1681 4476 aut
1718 4404 2173 4497 acquiescere
2206 4427 2322 4477 me
2358 4406 2620 4477 debere

260 4503 328 4571 in
381 4505 494 4575 illa
542 4508 895 4601 opinione,
954 4508 1204 4580 fecisse
1256 4507 1680 4602 Aeschylum
1713 4507 1931 4580 ’Πίου
1966 4511 2213 4604 πέρσεν
2247 4509 2453 4605 ὅλην,
2504 4518 2623 4577 aut

261 4609 554 4680 refutare
589 4632 747 4682 eum
785 4612 1163 4683 rationibus
1199 4632 1341 4682 non
1378 4612 1843 4706 sophistarum
1893 4614 2217 4705 exemplo
2269 4609 2620 4704 captiosiS,
