3328 5326
667 366 790 430 330
1592 362 2095 428 THEOCRITUS.

876 559 921 628 ἀ
957 555 1285 650 χίμαρος,
1328 554 1603 650 χιμάρῳ
1643 553 1714 624 δὲ
1748 552 1957 624 καλὸν
1995 553 2189 649 κρῆς,
2233 553 2376 631 ε”ςτε
2412 556 2463 623 κ’
2505 554 2798 648 ἀμῦξῃς

547 691 598 743 p.
620 681 644 727 4
671 659 1120 732 scribendum
1158 679 1315 729 esse
1351 660 1572 752 κρέας.
1661 657 1995 728 Nimirum
2031 680 2244 749 quum
2282 667 2490 729 tenue
2527 658 2615 728 sit
2649 657 2785 728 hoc
2821 679 3043 749 genus

670 765 903 858 poesis
959 772 1029 833 et
1084 785 1124 833 a
1176 763 1516 854 gravitate
1571 762 1673 831 rei
1725 762 1950 831 seriae
2015 762 2349 845 alienum,
2406 762 2599 832 leves
2654 773 2724 831 et
2777 761 3046 831 alacres

669 887 997 940 numeros
1031 865 1291 960 poscit,
1331 886 1464 935 nec
1509 864 1710 957 quasi
1756 864 2069 957 pondere
2113 863 2417 956 quodam
2454 866 2525 935 in
2562 863 2797 936 medio
2836 886 3049 936 cursu

668 970 1001 1041 tardatos.
1077 970 1315 1062 ltaque
1351 989 1597 1039 versus
1647 968 2006 1039 bucolicus
2053 990 2266 1059 quum
2316 968 2727 1039 necessariis
2779 967 3049 1038 heroici

667 1073 870 1146 metri
939 1072 1247 1144 caesuris
1309 1093 1553 1143 carere
1625 1081 1963 1163 nequeat,
2036 1072 2182 1142 fere
2245 1092 2339 1142 ex
2401 1072 2621 1143 tribus
2681 1072 3052 1144 ordinibus

670 1186 973 1250 constat:

823 1308 939 1366 και
973 1279 1109 1351 τᾶν
1142 1276 1541 1375 apamiam
1588 1278 1599 1369 Ι
1645 1276 2131 1367 κατεναντίον,
2184 1271 2194 1375 Ι
2243 1275 2417 1374 ᾇπερ
2456 1279 2495 1348 ὁ
2532 1278 2767 1356 θῶκος

822 1382 1032 1478 τῆνος
1069 1383 1108 1452 ὁ
1144 1379 1552 1474 ποιμενικὸς
1599 1375 1607 1476 Ι
1654 1381 1773 1451 καὶ
1807 1410 1930 1451 ται
1948 1377 2193 1492 δρύες·
2247 1379 2258 1472 Ι
2307 1410 2380 1452 αι
2419 1382 2498 1453 δέ
2525 1382 2576 1451 κ’
2618 1380 2857 1476 ἀείσῃς

824 1485 913 1562 ὥς
948 1511 1130 1556 ποκα
1166 1485 1293 1556 τὸν
1327 1481 1667 1576 Λιβύαθε
1708 1484 1723 1577 Ι
1770 1485 1936 1555 ποτὶ
1948 1464 2268 1577 Χρόμιν
2315 1478 2324 1582 Ι
2372 1480 2548 1577 ᾄσας
2582 1482 2906 1578 ἐρίσὸων.

669 1590 798 1662 Ubi
862 1600 1093 1660 autem
1163 1611 1301 1659 non
1365 1588 1579 1659 habet
1642 1609 2008 1659 caesuram
2072 1587 2492 1672 bucolicam‚
2558 1589 3051 1660 communibus

669 1695 928 1786 regitur
978 1692 1241 1764 heroici
1292 1713 1537 1763 versus
1583 1692 1876 1786 legibus,
1951 1692 2188 1782 Itaque
2242 1692 2453 1762 etiam
2487 1692 2560 1761 in
2597 1690 2776 1763 duos
2823 1714 3051 1785 spon-

668 1797 841 1868 deos
906 1805 1283 1866 exeuntem
1345 1817 1558 1889 saepe
1622 1797 1939 1866 fecerunt
1999 1795 2296 1866 bucolici
2376 1794 2626 1865 eadem
2687 1796 2844 1887 lege
2905 1817 3052 1888 qua

668 1901 887 1972 ceteri
919 1910 1205 1995 poetae,
1244 1920 1334 1970 ne
1371 1908 1666 1991 uterque
1718 1899 2074 1991 spondeus
2123 1920 2367 1969 vocem
2411 1898 2821 1991 disyllabam
2872 1921 3052 1970 con-

668 2005 951 2089 tineret,
1000 2012 1078 2074 ut
1118 2004 1282 2075 olim
1318 2003 1509 2074 Iliad.
1542 2004 1617 2072 II.
1654 2000 1826 2073 844.
1859 2000 2142 2095 Πείρως
2176 2001 2363 2097 ἥρως
2400 2003 2794 2093 legebatur,
2852 2003 3051 2095 quod

666 2130 810 2180 non
846 2106 1258 2201 displicebat
1293 2107 1576 2178 auribus
1611 2105 1975 2177 Eustathii.
2037 2105 2396 2177 Moschum
2432 2106 2508 2175 ΙΙ.
2545 2104 2664 2176 97.
2698 2105 2836 2176 hoc
2873 2108 3050 2180 vitio

668 2212 1052 2283 Meinekius
1090 2211 1414 2282 codicum
1449 2232 1584 2303 ope
1621 2210 1966 2294 liberavit,
2005 2230 2143 2281 non
2182 2209 2296 2279 ille
2333 2209 3051 2281 tamenzanimadver-

666 2325 822 2387 tens
860 2314 1046 2387 aliud
1081 2335 1240 2385 esse
1275 2314 1465 2407 quod
1504 2324 1695 2386 recte
1731 2314 2066 2406 scriptum
2102 2322 2210 2382 est
2246 2314 2318 2384 in
2353 2313 2700 2385 Theocriti
2734 2313 2782 2382 I.
2818 2316 2939 2385 65.

931 2414 1200 2511 Θύρσις
1237 2418 1338 2488 ὅδ’
1381 2418 1473 2500 ώξ
1499 2418 1781 2493 Αἴτνας
1816 2416 1931 2486 καὶ
1979 2412 2328 2510 Θύρσιδος
2363 2414 2471 2486 ἅδ’
2512 2417 2557 2486 ἁ
2598 2414 2829 2508 (panai,

539 2580 544 2583 .
670 2543 846 2614 quos
882 2542 1211 2592 numeros
1261 2542 1473 2613 quum
1521 2520 1885 2592 inusitatos
1924 2519 2290 2591 Theocrito
2325 2519 2652 2604 vocabat,
2706 2540 2848 2590 non
2895 2542 3050 2591 me-

669 2625 967 2695 minerat
1001 2624 1114 2694 Xl.
1149 2626 1268 2695 58.
1308 2627 1384 2694 ἐν
1420 2622 1743 2715 χειμῶνι,
1785 2622 1925 2692 XV.
1971 2621 2139 2695 445.
2182 2623 2228 2694 ἁ
2263 2619 2540 2719 θήλεια,
2579 2623 2723 2694 XV.
2760 2625 2931 2696 473.
2975 2628 3048 2695 ἐκ

670 2728 1032 2824 Περσῆος.·
1075 2748 1237 2798 nam
1273 2727 1319 2797 ἁ
1358 2726 1564 2820 φωνὰ
1598 2727 1814 2798 instar
1850 2736 1958 2797 est
1995 2727 2186 2798 vocis
2223 2727 2641 2821 trisyllabae.

874 2832 1175 2902 Maxima
1228 2852 1389 2924 pars
1441 2832 1605 2901 artis
1654 2831 1879 2925 posita
1931 2841 2039 2903 est
2086 2831 2156 2900 in
2210 2832 2517 2923 ipsorum
2553 2833 2733 2902 inter
2768 2853 2847 2902 se
2884 2853 3048 2902 ver-

665 2956 867 3009 suum
898 2937 1186 3007 ratione.
1244 2935 1346 3006 Ea
1382 2934 1644 3028 duplex
1670 2944 1801 3021 est,
1829 2935 2058 3029 prouti
2087 2935 2201 3005 vel
2229 2935 2370 3009 duo
2398 2935 2578 3005 inter
2604 2956 2683 3006 se
2710 2946 3046 3006 canentes

667 3049 786 3111 aut
837 3040 1202 3132 loquentes
1254 3038 1821 3124 introducuntur,
1868 3040 1981 3110 vel
2034 3040 2238 3111 unius
2289 3048 2555 3110 tantum
2609 3050 2856 3111 cantus
2893 3061 3044 3110 ser-

665 3163 873 3214 move
911 3144 1301 3236 exponitur.
1375 3142 1477 3213 De
1515 3154 1813 3236 utroque
1848 3163 2109 3236 genere
2144 3144 2515 3236 separatim
2553 3142 2805 3214 dicam.

855 3246 1046 3318 -Illud
1085 3246 1395 3338 aequalis
1432 3248 1729 3340 partium
1777 3246 2277 3318 distributionis
2313 3245 2657 3331 studium,
2704 3245 2898 3340 quod
2931 3269 3044 3317 re·

663 3370 882 3440 gnare
908 3348 1227 3423 videmus
1255 3351 1326 3420 in
1353 3349 1676 3421 omnibus
1693 3350 2003 3420 Graecae
2031 3349 2262 3442 poesis
2290 3350 2757 3421 monumentis
2789 3351 3039 3442 quibus

661 3451 925 3542 aliquid
962 3461 1080 3523 aut
1115 3474 1284 3523 vere
1321 3463 1483 3526 ante
1519 3454 1759 3525 oculos
1798 3452 2223 3524 audientium
2260 3453 2374 3523 vel
2410 3453 2789 3544 legentium
2818 3454 3039 3546 agitur

663 3563 789 3625 aut
833 3552 1113 3647 fingitur
1163 3555 1258 3626 ita
1311 3558 1454 3647 agi,
1503 3555 1809 3627 cernitur
1858 3556 2067 3627 etiam
2101 3557 2171 3626 in
2211 3556 2409 3649 poesi
2459 3557 2799 3627 bucolica.
2875 3557 3038 3629 Eius

663 3659 941 3750 generis
979 3658 1049 3727 in
1078 3657 1505 3731 Theocriteis
1543 3660 1670 3730 tria
1707 3660 1777 3729 in
1815 3660 2051 3751 primis
2088 3661 2387 3755 insignia
2425 3660 2763 3733 habemus
2802 3681 3042 3731 exem-

663 3760 814 3854 pla,
865 3761 1148 3855 idyllion
1189 3762 1598 3839 vicesimum
1645 3764 2047 3856 septimum,
2100 3763 2171 3835 in
2216 3785 2357 3856 quo
2394 3763 2702 3857 Daphnis
2739 3773 2814 3834 et
2849 3766 3038 3856 virgo

664 3863 953 3957 singulis
1007 3865 1187 3938 inter
1231 3887 1309 3936 se
1359 3865 1670 3937 versibus
1722 3887 1848 3959 per
1893 3875 2107 3938 totam
2153 3867 2786 3939 confabulationem
2834 3869 3037 3939 alter-

666 3977 835 4037 nant
849 3994 865 4054 ;
924 3968 1182 4041 deinde
1232 3979 1556 4063 quartum
1601 3969 1889 4062 idyllion
1935 3980 2006 4040 et
2052 3970 2398 4064 quintum,
2453 3970 2523 4040 in
2559 3971 2815 4064 quibus
2850 3981 3033 4043 certa

583 4092 648 4142 iv
666 4071 934 4142 ratione
970 4073 1244 4144 variant
1281 4075 1473 4144 vices
1517 4094 1994 4166 personarum.
2087 4074 2227 4148 Sed
2273 4076 2344 4145 in
2394 4084 2710 4165 quarto
2760 4075 3032 4146 duobus

663 4172 860 4257 lociS,
901 4177 1119 4247 altero
1158 4176 1486 4248 socordia
1529 4176 2016 4271 interpretum,
2058 4178 2272 4248 altero
2310 4179 2569 4248 veteris
2605 4178 2882 4248 scribae
2916 4198 3032 4247 ne-

661 4276 991 4370 gligentia
1020 4280 1272 4351 iustam
1302 4280 1819 4374 proportionem
1849 4282 2144 4374 partium
2170 4280 2485 4353 turbavit.
2547 4279 3033 4374 Colloquuntur

664 4382 844 4451 inter
881 4402 957 4451 se
984 4382 1226 4453 Battus
1263 4393 1333 4453 et
1361 4382 1685 4476 Corydon
1721 4384 1944 4476 primo
1980 4384 2537 4477 quattuordecim
2564 4384 2854 4477 singulis
2888 4406 3030 4456 ver-

663 4484 898 4570 sibuS‚
948 4505 1124 4576 quos
1170 4488 1481 4578 sequitur
1517 4487 1713 4577 quasi
1763 4487 2011 4580 proodi
2051 4488 2208 4558 loco
2245 4488 2591 4559 distichon
2634 4489 2840 4573 Batti,
2878 4489 3028 4581 quia

665 4587 831 4660 hinc
868 4587 1233 4659 invertitur
1260 4588 1433 4662 ordo
1462 4590 1955 4682 respondendi,
1986 4604 2062 4663 ut
2088 4591 2276 4684 prior
2303 4591 2394 4662 sit
2423 4592 2770 4685 Corydon,
2802 4593 3026 4664 Battus
