3328 5326
1031 1449 1871 1568 EURIPIDES.

1297 1733 1610 1748 *w—-O

385 1932 502 2018 DE
553 1933 1092 2019 carnosum
1143 1935 1396 2023 Locls
1449 1937 1920 2024 EURIPIDIS
1974 1913 2511 2040 momuw)

473 2128 723 2200 Errare
775 2129 942 2201 dicit
993 2129 1399 2204 Aristoteles
1450 2151 1575 2204 eos
1626 2134 1746 2225 qui
1794 2131 2199 2226 Euripidem
2243 2135 2641 2226 vituperent
2657 2137 2758 2199 Μ

282 2231 458 2323 Ψιοᾱ
490 2234 750 2304 multae
787 2235 936 2305 eius
974 2235 1378 2327 tragoediae
1411 2236 1483 2305 in
1513 2257 1628 2307 res
1653 2235 1991 2307 adversas
2020 2246 2315 2306 exeant:
2355 2236 2427 2306 id
2456 2237 2641 2306 enim

286 2354 431 2405 eum
465 2345 658 2407 recte
693 2338 947 2408 fecisse
998 2359 1088 2409 eo
1138 2340 1609 2432 comprobari,
1649 2340 1842 2431 qnod
1894 2341 2072 2411 tales
2123 2339 2527 2432 tragoediae
2572 2340 2641 2409 in

286 2436 612 2511 theatrum
647 2440 1033 2534 productae
1071 2452 1280 2535 atque
1316 2444 1386 2512 in
1435 2454 1791 2514 certamen
1841 2443 2254 2514 commissae
2272 2497 2290 2528 ,
2346 2444 2405 2513 si
2459 2444 2642 2514 hene

286 2541 495 2613 factae
531 2544 689 2629 sint,
728 2545 1029 2615 maxime
1068 2546 1373 2638 tragicae
1417 2569 1579 2618 esse
1622 2547 2007 2618 videantur.
2094 2547 2300 2632 Quod
2351 2548 2482 2617 etsi
2518 2568 2644 2617 ve—

283 2668 423 2717 ram
457 2657 585 2734 est,
624 2658 862 2719 tamen
897 2649 1088 2742 quod
1125 2650 1353 2735 addit,
1392 2651 1512 2722 καὶ
1547 2651 1586 2721 ὁ
1621 2649 2050 2747 Εὐριπίδης,
2092 2653 2160 2722 εἰ
2193 2650 2308 2721 καὶ
2345 2650 2435 2721 τὰ
2473 2650 2641 2721 ἄλλα

285 2748 372 2845 μὴ
406 2746 481 2820 εὖ
509 2753 892 2842 οἰκονομεῖ,
926 2752 1095 2823 ἀλλὰ
1120 2748 1641 2849 τραγικώτατός
1666 2781 1742 2844 γε
1767 2754 1911 2825 τῶν
1938 2754 2253 2850 ποιητῶν
2281 2754 2636 2846 φαίνει-αι,

283 2849 455 2924 haud
489 2876 810 2947 magnam
848 2856 1159 2927 continet
1193 2857 1469 2927 laudem
1508 2865 1780 2951 poetae.
1867 2854 2094 2941 Quum
2145 2857 2329 2927 enim
2385 2857 2642 2928 multae

281 2955 416 3027 eius
451 2958 849 3051 tragoediae
898 2959 967 3028 in
1013 2959 1096 3029 iis
1147 2961 1570 3052 argumentis
1604 2970 2085 3044 versarentur,
2137 2980 2321 3051 quae
2376 2961 2515 3030 iam
2553 2960 2640 3030 ab

284 3058 415 3130 aliis
450 3072 648 3132 erant
683 3063 908 3155 poetis
945 3072 1304 3147 tractatae,
1347 3064 1436 3134 ad
1474 3074 1734 3148 cetera,
1774 3082 1956 3161 quae
1995 3063 2111 3133 illo
2150 3073 2462 3156 tempore
2498 3072 2642 3133 tra-

282 3163 582 3252 goediam
634 3165 724 3236 ad
773 3166 1164 3236 communis
1220 3167 1402 3237 vitae
1463 3167 1870 3237 tenuitatem
1933 3166 2448 3261 deprimebant,
2501 3166 2639 3236 hoc

280 3285 535 3359 quoque
589 3269 1012 3352 accedebat,
1069 3279 1143 3340 ut
1190 3290 1372 3362 quae
1419 3271 1610 3364 prius
1655 3281 1731 3340 et
1764 3271 1993 3341 famae
2039 3280 2110 3340 et
2144 3279 2435 3340 naturae
2471 3288 2642 3340 con*

284 3371 626 3443 venienter
669 3374 1057 3466 composita
1107 3375 1410 3458 fuerant,
1449 3374 1795 3467 augendis
1829 3372 2404 3466 cumulandisque
2444 3374 2639 3444 malie

285 3489 472 3564 supra
509 3476 796 3547 modum
829 3478 1095 3547 atrocia
1131 3476 1657 3548 et-miserabilia
1693 3476 2176 3550 redderentur.
2244 3476 2341 3548 Ita
2376 3478 2639 3548 iactum

288 3584 381 3643 est
425 3588 498 3648 ut
552 3579 923 3672 Euripides
986 3582 1266 3674 saepius
1321 3581 1619 3675 plurium
1672 3581 2057 3653 fabularum
2113 3590 2519 3674 argumenta
2569 3581 2639 3649 in

291 3698 478 3750 uuam
509 3682 939 3776 tragoediam
977 3682 1472 3777 coniungeret,
1512 3694 1588 3756 ut
1620 3685 1692 3754 in
1730 3685 2040 3769 Hecuba,
2080 3685 2171 3755 de
2208 3702 2344 3776 qua
2378 3684 2447 3754 id
2488 3685 2637 3776 ipse

286 3785 621 3869 professus
657 3796 766 3856 est
799 3787 988 3859 haud
1024 3788 1381 3881 ambigue,
1421 3808 1634 3881 quum
1671 3789 1853 3859 illam
1891 3789 2249 3860 mulierem
2288 3786 2638 3858 dicentem

287 3881 465 3955 fecit:

570 3993 1080 4085 ἀποπέμπομαι
1117 3993 1408 4084 ἔννυχον
1442 3993 1641 4086 ὄψιν,

565 4095 655 4165 ἂν
682 4095 841 4190 περὶ
877 4096 1129 4174 παιδὸς
1155 4099 1332 4188 ἐμοῦ
1360 4097 1493 4167 τοῦ
1526 4099 1925 4188 σωζομένου
1954 4094 2131 4166 κατὰ
2167 4094 2477 4192 Θρῄκην,

569 4197 754 4290 ἀμφὶ
792 4196 1224 4295 Πολυξείνης
1257 4222 1333 4270 τε
1373 4199 1575 4297 φίλης
1609 4199 1969 4297 θυγατρὸς
2005 4201 2086 4268 δι’
2127 4199 2419 4295 ὀνείρων

567 4297 779 4371 εἶδον.

290 4391 399 4468 Est
430 4411 652 4474 tamen
693 4404 809 4475 nbi
845 4403 918 4475 id
946 4424 1085 4474 non
1115 4405 1298 4474 male
1323 4405 1716 4491 instituerit,
1748 4405 1916 4477 utin
1948 4405 2357 4490 Troadibus,
2386 4407 2458 4475 in
2482 4405 2635 4496 qni-

431 4617 482 4702 ³⁸)
519 4622 697 4686 Edita
729 4633 825 4686 est
852 4642 910 4687 a.
954 4622 1142 4685 ⁴847.
