3328 5326
687 350 766 410 82
1667 347 2069 411 PINDARUS.

684 550 953 623 essent,
1008 560 1191 633 quae
1242 540 1458 610 multo
1523 541 1777 613 rectius
1839 541 1976 614 dici
2039 550 2360 633 poterant
2410 541 2604 619 ἀκτὶς
2655 507 2924 629 ἀελίου,
2978 542 3050 611 τί

682 643 1108 733 κλεπτομένα
1133 642 1391 737 ἔθηκας
1418 641 1786 734 ἀμάχανον
1814 643 2017 733 ἰσχὺν
2043 643 2356 716 ποτανὸν
2394 640 2720 737 ἀνδράσι,
2763 643 3048 715 caderet

684 747 753 816 in
782 745 1175 826 Pindarum,
1205 745 1395 837 quod
1433 748 1522 818 de
1551 745 1862 833 Platone,
1891 767 2100 841 quem
2136 769 2294 818 cum
2332 767 2420 817 eo
2457 758 2834 839 comparat,
2874 746 3047 818 dixit

681 848 1053 941 Dionysius
1089 873 1155 942 p.
1191 847 1373 919 970:
1427 846 1657 941 ψόφοι
1705 851 1898 922 ταῦτ’
1937 849 2073 921 εἰσὶ
2115 850 2231 921 καὶ
2268 846 2732 945 διθύραμβοι,
2774 845 3047 940 κόμπον

683 948 1055 1044 ὀνομάτων
1106 948 1355 1039 πολύν,
1414 955 1586 1024 νοῦν
1634 956 1701 1024 δ’
1755 952 1986 1043 ὀλίγον
2036 953 2332 1042 ἔχοντες.
2412 953 2613 1023 Haec'
2649 954 2771 1044 qui
2820 956 3051 1024 consi-

683 1055 1055 1139 deraverit,
1077 1077 1220 1125 non
1246 1056 1623 1141 verebitur,
1649 1057 1917 1150 opinor,
1944 1057 2219 1149 culpam
2247 1077 2289 1126 a
2309 1055 2605 1128 Pindaro
2635 1056 2704 1125 in
2734 1057 3048 1128 codicem

682 1157 995 1251 Dionysii
1045 1160 1450 1244 transferre,
1506 1160 1575 1230 in
1623 1183 1762 1252 quo
1806 1160 2098 1231 verbum
2137 1159 2508 1244 exciderit,
2556 1181 2695 1253 quo
2734 1161 3049 1232 restituto

683 1262 1091 1333 nitidissime
1131 1263 1445 1387 procedit
1481 1266 1727 1335 oratio:
1787 1264 1982 1340 ἀκτὶς
2018 1260 2277 1351 ἀελίου,
2319 1261 2418 1352 τί,
2460 1260 2876 1348 πολύσκοπε,
2915 1292 3052 1361 μη·
3094 1259 3100 1265 ’

683 1365 943 1455 δομένα
1002 1361 1156 1436 πότ’
1163 1415 1188 1455 ,
1259 1360 1312 1435 ὦ
1366 1363 1675 1463 δμάτειρ’
1740 1362 2125 1459 ὀμμάτων,
2199 1364 2463 1461 ἄστρον
2522 1366 2918 1462 ὑπέρτατον
2980 1372 3053 1439 ἐν

683 1469 913 1563 ἁμέρᾳ
962 1464 1428 1561 κλεπτόμενον
1464 1472 1749 1559 λιποῖσᾈ
1791 1469 2048 1565 ἔθηκας
2099 1462 2466 1559 ἀμάχανον
2503 1469 2704 1559 ἰσχὺν
2739 1472 3053 1541 ποτανὸν

566 1610 615 1661 p.
633 1601 661 1646 9
685 1567 983 1665 ἀνδράσι
1030 1570 1146 1641 καὶ
1209 1572 1594 1665 σαφανειάς
1658 1569 1861 1656 ὀδόν;
1933 1573 2370 1663 Quamquam
2405 1574 2671 1643 λιποῐσ’
2725 1593 2812 1641 an
2866 1573 3052 1646 aliud

616 1734 626 1741 .
685 1675 1001 1746 eiusdem
1038 1673 1463 1767 significatus
1499 1675 1795 1747 verbum
1832 1675 2142 1767 posuerit
2175 1676 2514 1746 incertum
2550 1685 2677 1746 est.
3082 1745 3086 1750 .

889 1779 1085 1861 Quae
1135 1799 1293 1848 cum
1344 1778 1454 1849 his
1507 1780 1920 1863 cohaerent,
1975 1778 2162 1907 apud
2197 1778 2600 1871 Dionysium
2647 1779 2749 1849 sic
2794 1781 3055 1873 scripta

684 1891 912 1952 erant:
966 1877 1380 1952 ἐπισκόπτεν
1435 1880 1750 1977 άτροπον
1784 1883 2136 1973 ἐσσαμένα
2184 1878 2494 1952 ἐλαύνειν
2529 1910 2602 1952 τι
2637 1877 2981 1978 νεώτερον
3013 1885 3057 1979 ἢ

681 1980 930 2080 πάρος.
1011 1983 1419 2056 Schneideri
1470 1986 1944 2058 coniecturam
1990 1984 2105 2056 ἐπὶ
2158 1979 2450 2061 σκότους
2499 1984 2819 2078 ἀτραπὸν
2854 1990 3063 2058 ἐσσυ-

681 2088 861 2178 μένα
913 2088 1178 2180 recepit
1213 2088 1570 2181 Bergkius.
1667 2087 2247 2160 Schneidewinus
2299 2083 2552 2157 σκότου
2602 2088 2867 2181 posuit,
2919 2089 3059 2161 hoc

684 2213 777 2262 ex
824 2213 957 2262 usu
992 2191 1265 2262 Pindari
1314 2214 1472 2264 esse
1520 2202 1744 2279 ratus,
1798 2213 2045 2263 vereor
2094 2212 2185 2261 ne
2234 2211 2478 2283 parum
2547 2201 2782 2276 caute,
2841 2214 3062 2284 quum

687 2289 922 2365 σκότεϊ
952 2294 1023 2363 in
1058 2294 1332 2366 duobus
1367 2295 1893 2388 deperditorum
1923 2295 2304 2365 carminum
2341 2293 2535 2378 lociS,
2573 2295 2761 2387 apud
2789 2296 3064 2366 Boeck-

684 2397 876 2467 hium
932 2401 1076 2469 406
1129 2408 1199 2467 et
1251 2397 1421 2469 474.
1462 2408 1729 2484 exstet,
1776 2420 2071 2491 quorum
2124 2398 2192 2467 in
2244 2398 2462 2470 altero
2517 2397 2775 2467 ibidem
2833 2396 3062 2491 σκότῳ

683 2499 915 2592 posuit
949 2523 1016 2593 p.
1053 2500 1223 2571 304.
1258 2502 1548 2573 alterum
1598 2512 1867 2587 autem,
1907 2501 2233 2593 quoniam
2271 2502 2530 2571 selecta
2568 2511 2833 2574 tantum
2873 2503 3067 2595 frag-

683 2611 918 2673 menta
957 2602 1172 2690 dedit,
1205 2626 1363 2676 cum
1401 2606 1551 2677 aliis
1579 2606 1826 2677 omisit.
1886 2606 1995 2676 Ex
2022 2604 2299 2698 tragicis
2325 2604 2609 2697 quidem
2638 2606 2827 2678 solus
2854 2606 3066 2678 Euri-

680 2706 882 2800 pides
920 2717 1165 2778 neutro
1198 2729 1459 2801 genere
1490 2706 1739 2788 σκότος
1766 2710 2143 2802 usurpavit.
2203 2709 2524 2780 Ceterum
2552 2719 2743 2780 recte
2770 2710 3065 2801 quidem

684 2809 1261 2883 Schneidewinus
1296 2812 1692 2905 repudiavit
1745 2810 2072 2901 σκότους,
2116 2833 2360 2883 verum
2395 2835 2536 2885 non
2573 2813 2710 2898 illo,
2749 2813 2878 2884 sed
2916 2814 3061 2886 hoc

684 2913 801 2984 ubi
836 2913 1140 2986 debebat
1176 2927 1606 3008 argumento,
1647 2916 1837 3007 quod
1888 2915 2021 2985 hoc
2059 2938 2279 3008 genus
2316 2917 2574 3009 lyricae
2609 2917 2844 3010 poesis
2881 2919 3064 2995 ἀοῦς

680 3017 962 3111 quidem
1000 3029 1071 3089 et
1101 3020 1398 3116 Ἀργοῦς
1433 3030 1505 3090 et
1540 3020 1838 3097 πειθοῦς
1877 3029 2273 3111 usurparet,
2314 3019 2694 3091 abstineret
2736 3029 2980 3091 autem
3019 3043 3061 3090 a

681 3121 1002 3214 genitivis
1039 3145 1132 3194 ex
1165 3148 1277 3201 εος
1314 3133 1385 3193 et
1418 3150 1550 3194 εων
1589 3124 2001 3207 contractiS,
2051 3123 2146 3193 ita
2198 3132 2307 3207 ut,
2357 3123 2580 3194 sicubi
2627 3124 2872 3194 evitari
2910 3147 3065 3196 non

681 3235 920 3316 posset
953 3227 1321 3318 genitivus,
1361 3226 1697 3298 Pindarus
1734 3222 2210 3302 Πολυδεύκευς
2245 3227 2584 3318 posuerit,
2624 3237 2833 3321 atque
2873 3228 3065 3300 adeo

683 3327 870 3404 κλέος
905 3331 1094 3398 ἕκατι
1130 3328 1366 3399 dicere
1403 3331 1492 3400 sit
1528 3351 1759 3403 ausus.
1828 3329 1899 3398 In
1938 3330 2325 3422 fragmento
2363 3331 2533 3402 223.
2578 3353 2669 3401 ex
2709 3331 3067 3411 Plutarchi

685 3430 1161 3501 consolatione
1208 3432 1295 3501 ad
1341 3431 1787 3537 Apollonium
1824 3456 1889 3526 p.
1928 3432 2095 3503 404.
2128 3432 2211 3502 A.
2255 3432 2371 3505 ubi
2409 3435 2727 3527 ἀφανοῦς
2777 3436 3066 3527 legitur,

683 3532 891 3603 scribi
958 3533 1293 3605 debebat.
1362 3534 1528 3606 ἀλλὰ
1589 3532 1954 3631 ταρτάρου
2016 3535 2310 3632 πυθμὴν
2371 3537 2593 3607 πιέσει
2656 3539 2709 3606 σ’
2776 3539 3070 3636 ἀφανὴς

685 3633 1157 3732 σφυρηλάτοις
1207 3634 1561 3726 ἀνάγκαις.
1649 3638 1824 3709 Illud
1860 3658 2030 3709 vero
2066 3638 2519 3709 vehementer
2567 3639 2846 3725 miror,
2863 3643 3068 3735 quod

685 3740 1294 3825 SchneidewinuS,
1348 3762 1560 3833 quum
1613 3740 2081 3813 Schneiderus
2129 3742 2547 3814 coniecisset
2594 3741 2707 3813 ἐπὶ
2764 3741 3069 3823 σκότους

683 3843 1002 3938 ἀτραπὸν
1045 3846 1391 3935 ἐσσυμένα
1439 3841 1742 3922 ἐλαύνεις
1789 3872 1863 3915 τι
1909 3843 2245 3940 νεώτερον
2280 3845 2323 3942 ἢ
2360 3845 2623 3941 πάρος,
2677 3846 2747 3916 in
2797 3848 3069 3939 quihus

682 3965 852 4041 sane
888 3947 1325 4021 verissimum
1361 3956 1469 4017 est
1502 3945 1837 4037 ἐλαύνεις,
1882 3957 2235 4042 receptum
2279 3949 2349 4020 id
2385 3971 2428 4020 a
2462 3949 2941 4037 DonaldsonO,
2990 3963 3072 4023 ut

686 4070 779 4119 ex
813 4050 963 4120 eius
998 4050 1444 4122 adnotatione
1473 4050 1939 4168 cognoscitur,
1970 4053 2463 4146 inventumque
2491 4074 2675 4124 nunc
2705 4053 2775 4122 in
2805 4055 3069 4128 codice

690 4151 995 4224 Parisino
1036 4154 1253 4226 4745.
1287 4177 1372 4225 ea
1408 4155 1808 4226 coniectura
1847 4156 1946 4225 sic
1985 4176 2149 4247 usus
2187 4165 2329 4241 est,
2371 4166 2445 4228 ut
2479 4156 2849 4227 scriberet.
2904 4160 3068 4232 ἐπεὶ

690 4280 940 4326 σκθτῡυ
1014 4257 1331 4352 ἀτραπὸν
1407 4261 1753 4349 ἐσσυμένα
1813 4256 2116 4336 ἐλαύνδις
2167 4287 2237 4329 τι
2301 4258 2639 4355 νεώτερον
2690 4260 2733 4356 ἢ
2788 4289 3068 4358 παρθςζ

683 4358 858 4428 Nam
895 4357 1029 4428 hoc
1064 4381 1284 4450 genus
1322 4361 1672 4455 loquendi,
1702 4382 1841 4454 quo
1870 4382 2254 4455 pronomen
2290 4362 2861 4455 interrogativum
2897 4377 3075 4458 post

685 4462 977 4533 verbum
1027 4464 1334 4555 ponitur,
1372 4465 1486 4535 vel
1524 4475 1771 4536 natura
1806 4486 1931 4537 sua
1968 4466 2060 4538 ita
2099 4477 2571 4558 comparatum
2624 4477 2765 4553 est,
2822 4479 2899 4540 ut
2944 4471 3076 4542 vix

685 4564 755 4635 in
805 4565 1001 4659 poesi
1053 4566 1267 4659 lyrica
1320 4569 1551 4640 locum
1607 4569 1948 4654 inveniat,
2008 4569 2121 4639 hic
2175 4577 2406 4641 autem
2459 4570 2662 4663 plane
2716 4572 2932 4644 robur
2993 4585 3075 4645 et
