3328 5326
1225 389 1654 455 EURIPIDES.
2511 395 2584 456 2⁴
2599 394 2636 456 3

237 586 342 655 E.
388 581 635 678 οἰκτρὰ
670 583 876 674 τύχα.
939 585 1039 655 A.
1080 582 1363 672 πόλεος,
1421 607 1563 656 non
1610 586 1840 656 solum
1889 585 2414 677 languidissima
2449 598 2636 673 sunt,

250 685 381 757 sed
422 686 632 757 etiam
669 707 899 781 neque
937 689 1119 758 inter
1154 709 1232 759 se
1266 710 1399 759 neo
1437 711 1599 761 cum
1645 688 2236 782 praecedentibus
2284 690 2428 761 ullo
2475 711 2638 761 sen-

251 791 515 861 tentiae
550 791 835 863 vinculo
875 793 1272 863 coniuncta.
1355 792 1583 886 Atque
1632 793 1864 863 κακῶν
1899 794 2158 864 malum
2196 814 2355 864 esse
2393 814 2636 865 versus

250 914 391 963 non
434 895 683 988 integri
722 896 1283 989 supplementum
1335 898 1545 968 etiam
1591 917 1681 966 eo
1737 898 2218 988 cognoscitur,
2258 897 2446 991 quod
2504 897 2636 968 isto

251 997 409 1068 loco
451 1008 528 1068 ut
563 999 633 1068 in
672 998 956 1093 stropha
991 999 1379 1071 interiectio
1419 1000 1650 1093 aliqua
1685 1000 2016 1093 ponenda
2053 1010 2220 1071 erat.
2290 1001 2483 1072 Idem
2519 1022 2640 1071 ca-

251 1099 353 1171 dit
384 1102 467 1171 in
505 1101 781 1198 οἰκτρά,
829 1104 1027 1174 cuius
1064 1104 1488 1176 contrarium
1525 1104 1664 1175 dici
1694 1103 2019 1174 debebat.
2077 1103 2253 1175 Nam
2282 1127 2499 1198 quum
2528 1103 2639 1175 isti

244 1200 663 1277 nominativi
714 1228 807 1278 ex
853 1207 1283 1300 praegressis
1331 1209 1557 1300 βέβακ’
1601 1208 1844 1299 ὄλβος,
1899 1207 2146 1300 βέβακε
2192 1206 2419 1303 Τροία
2462 1228 2642 1301 pen-

241 1306 499 1393 deant,
557 1321 747 1402 patet
797 1332 1204 1405 prosperam
1239 1311 1434 1382 urbis
1472 1313 1847 1395 fortunam,
1886 1331 2027 1381 non
2068 1310 2474 1397 adversam,
2512 1334 2643 1405 pe·-

249 1413 429 1483 risse
468 1413 868 1505 significari.
928 1413 1150 1486 Erunt
1186 1415 1394 1508 igitur
1428 1414 1604 1486 haec
1643 1416 1745 1485 sic
1783 1415 2234 1508 corrigenda:

243 1540 408 1609 στρ.
470 1514 559 1585 α’.
616 1519 722 1589 A.
760 1518 1043 1609 Ἀχαιοὶ
1080 1516 1420 1590 δέσποταί
1451 1520 1520 1609 μ’
1563 1518 1880 1609 ἄγουσιν.

616 1624 713 1692 Ε.
755 1621 970 1726 Ιῶμοι.
1029 1623 1135 1692 A.
1178 1621 1256 1692 τί
1289 1622 1524 1692 παιᾶν’
1565 1621 1756 1712 ἐμῶν
1795 1617 2139 1706 στενάζεις

616 1727 714 1795 Ε.
761 1727 939 1796 αιάῖ.
999 1726 1105 1796 A.
1149 1718 1341 1796 τόνδ’
1383 1725 1638 1814 ἀλγέων

618 1831 717 1899 Ε.
763 1822 816 1898 ῶ
855 1827 1025 1898 Ζεῦ.
1069 1829 1179 1898 A.
1222 1828 1338 1899 καὶ
1375 1827 1795 1924 συμφορᾶς,

615 1933 713 2001 Ε.
756 1931 978 2002 τέκεα.
1038 1931 1144 2000 A.
1188 1930 1358 2026 πρίν
1393 1932 1544 2001 ποτ’
1584 1925 1788 2026 ἦμεν.

239 2034 405 2104 ἀντ.
446 2030 540 2104 α’.
613 2037 710 2105 Ε.
753 2033 979 2126 βέβακ’
1020 2032 1251 2125 ὄλβος,
1291 2037 1538 2126 βέβακε
1583 2032 1841 2129 Τροία,

614 2139 718 2209 A.
763 2134 1078 2228 τλάμων.
1138 2140 1237 2208 Ε.
1282 2139 1471 2229 ἐμῶν
1504 2137 1562 2206 τ’
1602 2137 1909 2226 εὐγένεια
1945 2136 2244 2227 παίδων,

615 2241 720 2312 A.
766 2241 899 2333 φεῦ
940 2239 1097 2332 φεῦ.
1158 2244 1258 2311 Ε.
1305 2240 1437 2332 φεῦ
1476 2241 1651 2336 δῆτ’,
1694 2239 1868 2331 ἐμᾶς
1903 2243 1959 2311 τ’

615 2344 721 2415 A.
772 2397 789 2414 .
821 2397 840 2414 .
870 2397 887 2413 .
918 2395 935 2413 .
978 2346 1077 2413 Ε.
1123 2341 1412 2439 λαμπρὰ
1448 2341 1629 2433 τύχα

619 2448 728 2517 A.-
770 2443 1044 2524 πόλεος.
1104 2449 1205 2518 Ε.
1251 2447 1299 2516 ἃ
1335 2445 1759 2517 καπνοῦται.

244 2575 410 2645 στρ.
456 2547 555 2642 β’.
616 2550 722 2621 A.
764 2547 1033 2641 μόλοις,
1075 2544 1129 2620 ὦ
1165 2544 1397 2637 πόσις,
1440 2575 1595 2640 μοι,

615 2656 714 2724 Ε.
757 2654 933 2747 βοᾷς
967 2650 1095 2723 τὸν
1136 2654 1295 2749 παρ’
1337 2652 1472 2747 ᾄδᾳ

753 2759 948 2829 παῖδ’
988 2755 1189 2847 ἐμόν,
1233 2752 1287 2827 ὦ
1322 2758 1559 2848 μελέα.

614 2861 720 2932 A.
766 2863 894 2939 σοῖς
929 2857 1294 2955 δάμαρτος
1330 2859 1571 2954 ἄλκαρ.

250 2966 413 3035 ἀντ.
458 2961 560 3056 β’.
771 2958 857 3034 σύ
894 2989 1010 3034 τοι
1046 2964 1199 3053 λῦμ’
1235 2964 1572 3052 ’κίχαιῶν

618 3071 717 3139 Ε.
759 3068 1019 3138 τέκνων
1056 3063 1137 3162 δή
1176 3067 1327 3136 ποτ’
1368 3067 1571 3156 ἀμῶν

760 3167 1215 3265 πρεσβυγενὲς
1250 3165 1589 3264 Πριάμῳ.

612 3275 719 3345 A.
762 3272 1087 3366 κοίμισαί
1117 3273 1186 3362 μ’
1227 3275 1298 3349 ἐς
1334 3272 1536 3365 ᾅδου.

253 3403 411 3472 στρ.
469 3376 556 3468 γ’.
618 3381 718 3448 Ε.
763 3380 909 3448 οἵδε
954 3371 1177 3448 πόθοι
1226 3372 1551 3467 μεγάλοι,
1622 3378 1865 3466 σχέτλι’
1921 3384 2006 3447 αἲ
2050 3373 2217 3449 τάδε
2280 3375 2645 3468 πάσχομεν

2125 3480 2210 3553 ἄλ

791 3583 1165 3676 οἰχομένας
1226 3578 1510 3660 πόλεως.
1624 3585 1732 3656 A.
1818 3584 1931 3656 ἐπὶ
1992 3586 2052 3656 δ’
2107 3509 2381 3675 &Missam
2440 3582 2645 3673 ἄλγεα

2120 3715 2341 3759 κειται

769 3787 1325 3887 δυςφροσύναισι
1383 3791 1604 3861 θεῶν·
1707 3791 1746 3860 ὁ
1794 3791 1867 3862 δέ
1922 3790 2043 3870 σὸς
2078 3786 2305 3881 ’γόνος
2357 3789 2645 3882 ἔκφυγεν

2122 3892 2329 3987 ᾄδαν,

764 3997 844 4074 ὃς
869 3996 1117 4087 λεχέων
1148 3998 1500 4092 στυγερῶν
1525 3990 1736 4092 χάριν
1766 3996 1971 4068 ὤλεσε
1996 3998 2319 4092 πέργαμα
2346 3994 2637 4090 Τροίας·
2664 4033 2717 4088 p.
2735 4024 2803 4072 ⁴3

771 4096 1068 4192 σῶματα
1102 4100 1163 4170 δ’
1196 4097 1634 4189 αἱματόεντα
1660 4101 1800 4192 θεᾷ
1826 4098 2020 4195 παρὰ
2036 4093 2357 4171 Παλλάδι
2384 4100 2646 4195 νεκρῶν

762 4202 934 4296 γυψὶ
953 4204 1191 4298 φέρειν
1218 4202 1536 4293 τέταται,
1558 4201 1728 4294 ζυγὰ
1757 4203 1821 4273 δ’
1851 4201 2064 4301 ἤνυσε
2103 4199 2344 4273 δούλια
2385 4201 2639 4299 Τροία.

261 4306 418 4379 ἀντ.
477 4305 564 4398 γ’.
625 4308 731 4379 A.
777 4302 831 4377 ῶ
868 4304 1149 4402 πατρίς,
1196 4300 1249 4376 ὦ
1284 4306 1491 4396 μελέα
1509 4355 1530 4392 ,
1584 4306 2185 4399 καταλειπομέναν
2225 4331 2299 4376 σε
2334 4300 2638 4401 δακρύω.

766 4410 899 4481 νῦν
935 4410 1129 4486 τέλος
1167 4408 1453 4504 οἰκτρὸν
1489 4408 1689 4505 ὁρᾷς.
1749 4412 1848 4481 Ε.
1892 4409 2009 4481 καὶ
2035 4408 2165 4501 ἐγώ
2199 4406 2454 4499 δόμον,
2498 4408 2642 4478 ἔνθ’

2144 4509 2551 4605 ἐλοχεύθην.

776 4612 829 4687 ὦ
868 4617 1037 4687 τέκν’
1079 4610 1502 4712 ἐρημόπολις
1537 4609 1775 4711 μάτηρ
1815 4613 2263 4687 ἀπολείπεται
2299 4614 2528 4705 ὑμῶν.
