3328 5326
2823 230 2852 285 Ι

576 360 656 421 54
1556 358 1958 436 HESIODUS.

575 551 690 622 hic
723 571 962 622 versus
998 550 1236 622 inutile
1273 550 1821 623 additamentum
1857 560 1986 622 est.
2044 550 2312 621 Deinde
2350 568 2488 621 non
2522 548 2737 618 habet
2773 545 2950 615 haec

577 653 860 747 stropha
938 654 1191 725 iustum
1265 655 1565 740 initium,
1639 654 1768 725 sed
1846 655 2177 725 cohaeret
2252 676 2411 724 cum
2480 648 2952 745 praecedente

576 757 882 851 stropha.
941 758 1170 841 Quare
1205 779 1479 830 versum
1512 761 1680 830 138.
1714 759 1804 828 ab
1840 759 2337 852 interpolatore
2374 757 2720 827 adiectum
2758 761 2951 847 puto,

579 861 803 933 versui
835 860 1001 931 134.
1031 870 1260 933 autem
1290 860 1771 933 huiuscemodi
1799 862 2066 932 initium
2095 860 2421 954 strophae
2447 855 2950 954 praecessisse:

422 1023 474 1076 p.
497 1013 558 1058 ιο
784 988 915 1059 τὸν
950 989 1021 1060 δὲ
1055 991 1202 1081 μέτ’
1245 990 1490 1068 ἄλλους
1525 992 1782 1069 παῖδας
1818 988 2130 1079 ἐγείνατο
2169 986 2779 1086 καρτεροθύμους.

580 1119 885 1203 Quartae
921 1116 1236 1189 decimae
1272 1119 1598 1213 strophae
1637 1117 1720 1214 (v.
1759 1116 2212 1214 139-143.)
2260 1117 2539 1191 ultimus
2575 1136 2815 1187 versus
2853 1114 2956 1184 sic

580 1220 993 1294 scribendus
1031 1233 1168 1292 est:

788 1350 1057 1443 μοῦνος
1094 1351 1152 1420 δ’
1195 1347 1570 1443 ὀφθαλμός
1609 1376 1780 1442 σφιν
1815 1350 1948 1428 ἑεὶς
1982 1352 2278 1422 ἐνέκειτο
2319 1347 2643 1441 μετώπῳ.
2756 1376 2760 1380 ·

581 1478 852 1549 Deinde
902 1478 1174 1549 omissis
1219 1500 1400 1571 quae
1436 1480 1523 1550 ab
1570 1480 2175 1572 interpolatoribus
2223 1478 2459 1549 addita
2506 1486 2668 1548 sunt
2715 1477 2960 1568 quinta

583 1582 856 1655 decima
893 1582 1178 1674 stropha
1211 1603 1449 1654 versus
1476 1583 1691 1652 habet
1722 1581 2148 1653 147-150.
2187 1586 2354 1654 153.
2412 1581 2584 1651 Nam
2613 1581 2961 1673 genuinus

584 1686 915 1779 strophae
955 1684 1107 1755 finis
1143 1685 1256 1755 hic
1291 1686 1562 1756 videtur
1599 1685 1847 1756 fuisse:

590 1792 733 1861 150
790 1790 935 1859 τῶν
970 1787 1219 1859 ἑκατὸν
1253 1788 1386 1880 μὲν
1419 1795 1641 1884 χεῖρες
1678 1790 1789 1859 ἀπ’
1831 1788 2042 1880 ὤμων
2076 1790 2519 1881 ἐξεπέφυκον,

590 1895 733 1963 153
792 1891 988 1981 ἰσχὺς
1025 1893 1087 1960 δ’
1129 1890 1436 1987 ἄπλητος
1469 1891 1768 1988 κρατερὴ
1806 1889 2078 1983 μεγάλῳ
2114 1890 2227 1963 ἐπὶ
2261 1893 2453 1962 εἴδει.

587 1997 844 2066 Sextae
873 1994 1188 2065 decimae
1217 1996 1544 2089 strophae
1572 1995 1835 2066 initium
1865 1995 1994 2065 fuit
2022 2019 2085 2064 v.
2118 1993 2288 2064 154.
2322 1994 2525 2065 ὅσσοι
2550 1991 2680 2083 μὲν
2702 1989 2958 2086 Γαίης.

582 2099 787 2184 Quod
853 2098 1102 2190 legitur
1146 2096 1317 2194 γάρ,
1371 2122 1465 2169 ex
1517 2099 1929 2170 recensione
1981 2108 2121 2183 est,
2174 2097 2246 2167 in
2291 2113 2426 2189 qua
2478 2105 2968 2188 praecesserat

584 2203 896 2298 σφετέρῳ
944 2203 1004 2271 δ’
1045 2200 1357 2298 ἤχθοντο
1407 2203 1627 2298 τοκῆϊ.
1719 2202 1892 2271 Nam
1942 2202 2057 2293 qui
2096 2210 2479 2292 sequuntur
2513 2219 2792 2283 verSUS‚
2834 2218 2963 2267 eos

583 2306 734 2399 ipsa
781 2304 990 2374 verba
1037 2302 1344 2397 produnt
1393 2327 1547 2375 cum
1602 2304 1752 2375 aliis
1793 2306 2109 2375 versibus
2155 2325 2340 2375 nexa
2385 2304 2616 2374 fuisse.
2697 2301 2800 2371 De
2852 2300 2963 2370 his

585 2409 760 2477 infra
794 2407 1042 2478 dicam.
1118 2407 1371 2477 Habuit
1406 2408 1610 2499 igitur
1645 2406 1820 2477 haec
1871 2404 2157 2499 stropha
2204 2428 2451 2479 versus
2491 2403 2660 2476 154.
2708 2404 2968 2476 157-

590 2512 757 2580 160.
853 2510 1247 2600 Sequuntur
1297 2508 1459 2579 hae:
1515 2511 1713 2579 XVII.
1766 2512 2192 2580 161-165,
2249 2510 2475 2580 XVIII.
2525 2507 2961 2579 167-171,

584 2611 898 2684 detracto
969 2611 1259 2703 utrique
1291 2612 1412 2706 qui
1463 2613 1777 2685 adiectus
1828 2621 1936 2684 est
1987 2635 2232 2685 versus
2291 2635 2433 2685 non
2492 2612 2963 2683 necessarius

583 2717 760 2787 Dein
807 2717 984 2786 XIX.
1041 2715 1467 2788 173-177.
1521 2718 1667 2787 XX.
1716 2717 2141 2791 178-182,
2253 2718 2392 2789 Sed
2440 2716 2574 2787 hae
2624 2715 2696 2786 in
2753 2736 2969 2786 unam

585 2819 1118 2915 perpetuitatem
1177 2820 1590 2893 coniunctae
1632 2820 1961 2891 videntur
2016 2822 2104 2891 ab
2161 2820 2691 2914 interpolatore,
2747 2840 2971 2910 quum

586 2925 908 3016 antiquus
935 2932 1145 3016 poeta
1172 2923 1379 2995 finem
1410 2924 1659 3017 prioris
1692 2924 1972 2995 fecisset
1996 2922 2138 3017 πάρ
2177 2926 2232 2993 τ’
2272 2921 2659 3018 ἐτανύσθη,
2694 2921 2969 2992 initium

585 3027 815 3099 autem
852 3028 1256 3120 posterioris
1284 3027 1509 3123 αὐτὰρ
1549 3028 1614 3098 ὅ.
1660 3029 1836 3098 XXI.
1877 3026 2302 3098 183--187.
2337 3026 2540 3095 XXII.
2579 3028 2747 3096 188.
2788 3027 2964 3096 189.

589 3133 1017 3204 191-193,
1061 3132 1294 3201 ΧΧΙΙΙ.
1342 3130 1510 3201 194.
1558 3134 1725 3202 195.
1773 3130 2199 3202 197-199,
2244 3130 2480 3199 XXIV.
2524 3127 2964 3202 201-204.

586 3235 758 3307 206.
816 3233 1138 3304 Fortasse
1168 3244 1400 3304 tamen
1427 3255 1674 3305 versus
1704 3236 1876 3307 205.
1912 3235 2083 3307 206.
2118 3234 2219 3302 sic
2257 3233 2327 3301 in
2365 3255 2576 3303 unum
2606 3232 2969 3302 coniuncti

585 3338 899 3407 fuerunt:
941 3337 1370 3429 παρθενίους
1404 3339 1460 3405 τ’
1502 3334 1763 3432 ὀάρους
1800 3333 2143 3430 φιλότητά
2179 3363 2256 3405 τε
2288 3335 2635 3430 μειλιχίην
2671 3362 2769 3405 τε.
2840 3336 2973 3405 Se-

585 3439 816 3531 quitur
870 3438 1153 3532 stropha
1199 3439 1407 3507 XXV.
1458 3460 1598 3510 uno
1650 3460 1860 3510 versu
1923 3438 2224 3523 brevior,
2289 3439 2573 3530 vitiique
2636 3448 2973 3531 suspecta

586 3541 795 3613 etiam
824 3551 1106 3634 propter
1133 3538 1543 3634 productam
1573 3542 1934 3633 syllabam,
1973 3541 2074 3611 ob·
2101 3562 2310 3633 quam
2348 3540 2699 3612 finxerunt
2732 3563 2975 3634 gram-

584 3645 819 3716 matici
856 3645 1148 3714 verbum
1200 3643 1387 3714 nullo
1434 3645 1571 3714 alio
1609 3646 1934 3737 exemplo
1970 3643 2324 3736 cognitum
2360 3642 2726 3732 τιταίνειν,
2771 3644 2972 3737 quod
3095 3738 3102 3742 ἠ

585 3758 776 3820 esset
813 3770 854 3819 a
889 3747 1018 3817 τίω
1057 3747 1468 3818 derivat-nm.
1526 3747 1755 3817 Facile
1791 3747 2073 3839 quidem
2109 3756 2349 3840 posset
2384 3746 2603 3818 iustus
2629 3768 2970 3819 versuum

585 3873 914 3923 numerus
942 3851 1235 3944 expleri,
1275 3850 1331 3920 si
1371 3850 1675 3921 admissa
1702 3851 1904 3921 unius
1932 3872 2177 3921 versus
2209 3851 2470 3920 iactura
2501 3849 2966 3922 scriberetur:

587 3952 827 4046 φάσκε·
869 3952 1317 4030 τιταίνοντας
1341 3952 1471 4049 γὰρ
1503 3951 1898 4047 ἀτασθαλίῃ
1927 3955 2106 4044 με’γα
2132 3955 2325 4049 ῥέξαι
2360 3951 2581 4048 ἔργον,
2623 3953 2756 4023 nisi
2786 3977 2972 4046 quos

586 4077 796 4148 supra
831 4078 973 4126 non
1009 4056 1388 4126 cohaerere
1426 4078 1583 4128 cum
1622 4056 1955 4149 proximis
1992 4055 2139 4126 dixi
2177 4076 2414 4125 versus
2458 4054 2625 4126 154.
2664 4060 2837 4128 155.
2872 4080 2975 4129 ex

583 4158 719 4228 hoc
758 4159 913 4228 loco
946 4159 1349 4231 viderentur
1384 4160 1686 4231 submoti
1725 4160 1961 4244 fuisse,
2000 4159 2096 4229 ita
2133 4167 2207 4229 ut
2243 4158 2417 4229 haec
2454 4158 2740 4251 stropha
2779 4161 2974 4233 hanc

586 4264 876 4332 formam
913 4260 1261 4332 habuerit:

589 4363 734 4437 154
896 4363 1099 4434 ὅσσοι
1131 4365 1261 4455 μὲν
1298 4363 1521 4460 Γαίης
1556 4393 1631 4435 τε
1667 4364 1783 4435 καὶ
1828 4365 2160 4461 Οὐρανοῦ
2196 4365 2586 4452 ἐξεγένοντο

791 4463 1185 4538 δεινότατοι
1220 4467 1516 4555 παίδων,
1563 4470 1871 4563 σφετέρῳ
1909 4470 1973 4538 δ’
2013 4467 2326 4563 ἤχθοντο
2361 4467 2589 4561 τοκῆϊ,

583 4572 732 4644 207
788 4568 957 4646 τοὺς
994 4567 1068 4638 δὲ
1102 4568 1332 4664 πατὴρ
1383 4570 1688 4666 Τιτῆνας
1722 4570 2075 4666 ἐπίκλησιν
2110 4570 2479 4638 καλεέσκεν·
