3328 5326
621 423 754 481 39ss
868 494 876 503 p
1609 420 2019 482 noRA-rirs.

630 613 783 683 libri
835 613 1178 696 carmine,
1241 611 1331 682 de
1383 635 1522 704 qua
1575 613 1856 705 egregie
1909 611 2290 706 disputavit
2338 611 2409 681 F.
2441 611 2781 694 NaekiuS,
2840 623 2993 682 ante

630 717 1044 787 Mavortiam
1083 717 1301 785 factas
1337 736 1495 786 esse
1532 716 1698 785 istas
1736 716 2300 809 interpolationes
2336 737 2632 786 necesse
2681 726 2814 792 est.
2889 715 2998 787 Ad

631 841 754 891 eas
790 818 1248 913 indagandaS,
1287 819 1406 890 ubi
1441 841 1582 889 non
1619 840 1767 904 reS,
1806 819 2048 905 verba,
2086 830 2309 890 metra
2345 817 2679 891 indicium
2717 819 2994 905 faciunt,

629 945 772 993 non
810 923 942 993 alia
978 922 1317 994 habemus
1353 922 1681 1016 vestigia,
1735 944 1942 1015 quam
1988 945 2169 1016 quae
2205 923 2589 1017 ingenium,
2639 943 2793 1007 arS,
2834 944 3000 994 con-

618 1026 928 1098 :suetudo
965 1026 1227 1097 Horatii
1263 1026 1729 1120 suppeditant.
1770 1026 1961 1097 ,Nam
1989 1027 2216 1119 siquid
2244 1026 2585 1099 eiusmodi
2615 1037 2745 1111 est,
2788 1039 2863 1098 ut
2897 1028 3000 1096 in·-

618 1130 919 1222 {lignum
968 1129 1415 1201 iudicandum
1460 1131 1549 1201 sit
1600 1141 1810 1224 poeta
1859 1128 2013 1215 tali,
2067 1133 2343 1223 qualem
2383 1130 2736 1201 Horatium
2789 1131 3000 1202 fuisse

629 1232 965 1318 videmuS,
1006 1233 1075 1302 in
1112 1255 1252 1326 quo
1289 1243 1362 1303 et
1397 1233 1818 1306 cultissimus
1848 1256 2095 1306 sensus
2124 1235 2403 1305 venusti
2431 1242 2503 1304 et
2529 1234 3003 1305 acutissimum

620 1337 804 1406 recti
839 1337 1120 1430 aptique
1157 1337 1486 1409 iudicium
1524 1348 1711 1422 erat,
1751 1336 2223 1408 confitendum
2260 1347 2368 1408 est
2403 1338 2474 1409 id
2512 1346 2631 1408 aut
2664 1358 2808 1407 non
2846 1359 3003 1408 esse
3086 1404 3092 1415 .

616 1440 719 1510 ab
757 1461 844 1510 eo
883 1441 1236 1533 scriptum,
1275 1450 1395 1511 aut
1431 1451 1623 1511 certe
1659 1442 1867 1512 scribi
1908 1462 2045 1511 non
2085 1441 2436 1513 debuisse.
2521 1440 2599 1512 Id
2635 1441 3004 1512 ostendam

622 1543 701 1612 in
739 1565 825 1614 eo
865 1544 1195 1628 carmine,
1234 1543 1424 1636 quod
1461 1545 1670 1617 totius
1711 1544 2079 1616 voluminis
2117 1545 2410 1638 primum
2449 1553 2574 1616 est.
2650 1544 2757 1616 Eo
2784 1545 3004 1616 Hora-

627 1647 762 1718 tius
808 1648 994 1718 idem
1030 1647 1222 1739 quod
1276 1648 1481 1726 etiam
1529 1648 1681 1719 aliis
1734 1649 2155 1719 carminibus
2206 1650 2563 1742 exposuit,
2619 1670 2729 1734 se,
2791 1672 3003 1741 quum

617 1751 741 1820 alii
777 1752 927 1821 aliis
966 1751 1176 1823 rebus
1210 1750 1561 1835 studeant,
1592 1752 1792 1846 poesi
1820 1751 2175 1822 delectari.
2234 1752 2407 1822 Nam
2437 1753 2554 1845 qui
2581 1777 2638 1822 v.
2675 1753 2796 1824 29.
2831 1753 3004 1823 scri-

626 1853 935 1926 bendum
987 1865 1411 1927 censuerunt
1445 1863 1506 1925 te
1542 1854 1885 1926 doctarum
1934 1855 2169 1926 ederae
2197 1856 2507 1950 praemia
2539 1855 2862 1952 frontium
2897 1855 3002 1927 dis

614 1957 902 2028 miscent
947 1958 1243 2053 superis,
1311 1961 1627 2030 fecerunt
1678 1970 1755 2030 ut
1816 1979 2095 2029 carmen
2149 1981 2278 2051 per
2340 1981 2417 2031 se
2471 1982 2612 2031 non
2665 1959 3002 2052 optimum

625 2063 1005 2154 pessimum
1042 2061 1274 2147 fieret,
1315 2062 1721 2155 diceretque
1759 2073 2001 2157 poeta:
2062 2061 2176 2133 alii
2215 2063 2366 2134 aliis
2403 2065 2611 2137 rebus
2649 2063 2997 2156 gaudent:

620 2175 722 2249 tu,
763 2165 1169 2251 Maecenate,
1209 2187 1502 2260 magnus
1538 2174 1748 2261 poeta
1784 2189 1896 2251 eS,
1934 2188 2069 2260 ego
2104 2189 2399 2259 parvus:
2455 2167 2645 2260 quod
2681 2167 2742 2237 si
2778 2175 2853 2237 tu
2887 2189 3003 2238 me

622 2268 905 2362 probas,
945 2270 1231 2341 credam
1264 2292 1378 2340 me
1408 2270 1497 2342 ad
1525 2270 1758 2341 sidera
1788 2271 2048 2341 extolli.
2105 2270 2179 2340 In
2208 2271 2461 2363 quibus
2488 2293 2584 2343 ne·
2609 2269 3001 2343 distributio

614 2373 908 2464 quidem
944 2383 1155 2465 atque
1191 2372 1542 2446 distinctio
1578 2373 2077 2448 sententiarum
2114 2375 2293 2447 iusta
2343 2385 2474 2446 est.
2556 2376 2770 2446 Deest
2814 2374 3003 2445 enim

620 2477 815 2567 quod
868 2477 1081 2572 priori
1133 2478 1457 2548 carminis
1506 2478 1686 2570 parti
1733 2478 1992 2572 opponi
2028 2479 2337 2550 debehat
2385 2478 2555 2549 hoc:
2612 2499 2741 2549 nos
2794 2477 3001 2550 ambo

623 2580 870 2673 poesin
922 2580 1304 2673 sequimur:
1368 2602 1508 2675 quo
1574 2579 1833 2651 deinde
1896 2581 2222 2676 distingui
2273 2601 2567 2676 magnus
2619 2593 2693 2652 et
2743 2604 3002 2677 parvus

624 2692 835 2775 poeta
884 2694 1194 2777 possent.
1282 2683 1372 2754 Et
1422 2693 1656 2755 tamen
1707 2707 1797 2755 ne
1850 2685 2124 2757 adiecta
2173 2686 2455 2778 quidem
2506 2687 2622 2758 illa
2655 2686 3004 2757 sententia

499 2796 601 2857 12⁷
626 2786 887 2858 bonum
934 2808 1219 2858 carmen
1269 2787 1616 2859 evaderet.
1710 2789 1974 2861 Inutilis
2024 2791 2209 2860 enim
2263 2800 2472 2883 atque
2523 2790 2758 2884 inepta
2815 2801 3004 2862 esset

623 2899 767 2961 tota
799 2890 991 2985 prior
1026 2912 1188 2985 pars
1223 2891 1567 2963 carminis.
1659 2892 1836 2964 Nam
1871 2894 1930 2964 si
1965 2915 2126 2964 sese
2162 2894 2254 2980 ad
2289 2895 2772 2965 Maecenatem
2811 2915 3005 2966 com-

622 3015 872 3087 parare
907 2994 1245 3067 voluisset
1278 2995 1641 3080 HoratiuS,
1694 3017 1836 3067 non
1873 2998 2146 3069 illorum
2181 2996 2449 3084 studia,
2502 2998 2621 3090 qui
2664 2998 2835 3069 alias
2885 3019 3000 3069 res

623 3108 1032 3184 tractarent,
1071 3109 1582 3186 enumerasset,
1632 3098 1762 3172 sed
1801 3101 2158 3173 laudasset
2193 3096 2674 3173 Maecenatem
2726 3111 2807 3173 ut
2852 3123 3003 3173 ma·-

619 3224 835 3296 gnum
879 3213 1194 3296 poetam,
1248 3224 1289 3273 a
1323 3226 1462 3297 quo
1499 3204 1559 3275 si
1596 3214 1668 3274 et
1703 3205 1853 3297 ipse
1889 3215 2143 3299 poetae
2179 3205 2462 3277 nomine
2512 3205 2767 3299 dignus
2821 3205 2999 3278 iudi-

617 3316 920 3391 caretur,
959 3306 1238 3378 sublimi
1276 3329 1354 3378 se
1391 3309 1658 3379 vertice
1694 3308 1927 3380 sidera
1962 3308 2325 3380 feriturum
2360 3309 2675 3381 dixisset.
2741 3309 2999 3381 Defen-

615 3409 725 3480 dit
770 3419 1005 3479 tamen
1057 3409 1241 3481 istud
1292 3418 1351 3480 te
1387 3411 1598 3504 longa
1629 3410 2124 3484 dissertatione
2157 3412 2229 3482 F.
2260 3414 2340 3483 A.
2374 3412 2668 3485 Wolfius
2704 3413 2776 3483 in
2810 3411 3000 3484 Ana-

621 3513 819 3582 lectis
871 3512 1252 3583 litterariis:
1322 3535 1531 3605 quam
1595 3538 1809 3609 quum
1878 3516 1966 3587 ad
2027 3538 2140 3586 me
2189 3517 2491 3588 misisset
2547 3517 2737 3610 prius
2788 3539 2996 3610 quam

619 3626 806 3687 totus
856 3615 1031 3686 liber
1080 3616 1461 3708 impressus
1521 3628 1703 3704 erat,
1762 3620 2364 3712 quaesivissetque
2420 3619 2592 3713 quid
2641 3619 2733 3692 de
2786 3642 2875 3693 ea
2923 3642 2996 3691 re

620 3740 1009 3804 censerem,
1048 3718 1341 3790 credere
1375 3740 1493 3789 me
1528 3721 1862 3816 respondi
1890 3745 2049 3795 eum
2077 3724 2436 3818 imponere
2465 3723 2835 3818 philologis
2871 3747 2996 3796 vo·-

620 3823 829 3893 luisse
850 3876 870 3908 ,
923 3844 1064 3915 quo
1101 3843 1224 3894 eos
1261 3822 1648 3910 derideret,
1701 3826 1759 3895 si
1796 3828 2196 3899 aculeorum
2241 3849 2527 3900 suorum
2562 3838 2753 3900 metu
2789 3828 2994 3900 obse-

624 3926 908 4019 quiosos
942 3926 1306 3998 inveniret.
1392 3926 1709 4021 Negabat
1744 3937 2002 4015 tamen,
2041 3941 2114 4002 et
2147 3932 2332 4003 serio
2368 3954 2446 4003 se
2483 3932 2600 4002 illa
2636 3932 2994 4025 scripsisse

619 4027 1033 4101 affirmabat.
1117 4030 1400 4103 Factum
1439 4041 1585 4118 est,
1624 4031 1814 4125 quod
1849 4033 2360 4127 praevideram.
2444 4035 2753 4106 Fuerunt
2787 4038 2992 4119 enim,

616 4133 743 4225 qui
788 4132 1218 4227 desiperent,
1274 4156 1364 4207 ne
1409 4135 1819 4208 viderentur
1870 4137 2230 4232 desipere:
2282 4139 2413 4211 sed
2461 4160 2603 4209 non
2658 4139 2827 4210 vicit
2869 4140 2993 4210 iste

618 4245 838 4321 error,
875 4237 1265 4331 mansitque
1300 4239 1494 4331 quod
1528 4240 1854 4313 Horatius
1891 4242 2266 4336 scripserat
2298 4266 2421 4314 me.
2498 4244 2729 4335 Atque
2765 4242 2838 4314 id
2872 4264 2994 4342 ge-

620 4338 865 4411 minari
903 4339 1149 4425 etiam,
1190 4341 1307 4413 ubi
1344 4364 1504 4415 cum
1539 4344 1770 4436 aliquo
1808 4346 2019 4415 animi
2055 4356 2247 4418 motu
2281 4346 2634 4418 distinctio
2671 4345 2987 4418 facien'da

616 4453 827 4529 esset,
866 4443 985 4516 lex
1020 4452 1092 4512 et
1126 4465 1279 4515 mos
1314 4445 1548 4538 poesis
1584 4449 2000 4541 postulabat.
2086 4449 2200 4520 Sic
2247 4447 2317 4520 in
2363 4450 2614 4521 eadem
2652 4450 2989 4521 sententia

618 4547 663 4616 1.
701 4550 780 4618 34
803 4602 821 4633 ,
859 4550 973 4619 45.
1009 4546 1340 4640 scriptum
1377 4560 1519 4620 est:
1573 4573 1679 4621 me
1719 4560 2003 4646 pascunt
2039 4551 2272 4639 olivae,
2309 4546 2415 4624 me
2452 4551 2758 4624 cichorea
2793 4552 2989 4625 leves-

615 4672 740 4743 que
766 4651 1044 4724 malvae.
1102 4648 1192 4720 At
1219 4670 1309 4720 ne
1345 4652 1445 4722 sic
1482 4654 1765 4747 quidem
1803 4668 1907 4727 est
1943 4653 2134 4749 quod
2168 4678 2595 4750 magnopere
2634 4658 2992 4729 laudemus
3079 4656 3085 4664 ’
