3328 5326
1230 362 1648 425 EURIPIDES.
2504 365 2614 426 23⁴

287 578 424 627 eum
477 577 684 647 quem
736 554 896 628 dedi
936 554 1365 646 praebentia.
1450 553 1624 625 Nam
1672 554 1879 623 etiam
1930 554 2143 624 boves
2191 564 2420 646 pastas
2471 578 2628 627 esse

286 661 499 752 inepte
554 668 740 729 esset
791 658 1172 741 adiectum,
1214 659 1345 728 nisi
1381 657 1780 741 adderetur,
1821 678 1971 727 non·
1998 657 2376 728 custoditas
2414 660 2626 730 libere

279 772 549 855 vagatas
587 783 767 845 esse,
808 762 974 832 dum
1010 770 1248 853 pastor
1284 782 1572 833 securus
1610 759 1838 831 fistula
1875 781 1951 830 se
1990 761 2389 831 oblectabat
2424 762 2646 840 deas-.

277 888 393 957 que
431 865 803 937 iudicabat.
875 865 1309 957 Ἁργενναῖς,
1352 864 1539 957 quod
1577 865 1990 935 vocabulum
2029 886 2197 936 casu
2234 865 2447 935 credo
2485 889 2627 937 non

274 991 410 1039 esse
449 970 518 1038 in
557 968 1039 1062 superstitibus
1076 967 1456 1060 tragoediis
1490 978 1914 1060 usurpatum,
1955 989 2148 1037 error
2185 967 2459 1038 scribae
2497 980 2625 1054 est,

270 1073 370 1164 qui
422 1075 715 1143 fortasse
769 1073 838 1141 in
889 1071 1135 1141 codice
1187 1082 1551 1143 exaratum
1589 1071 1867 1141 videbat
1902 1072 2030 1164 ἀγρ
2059 1125 2074 1140 .
2112 1125 2127 1140 .
2163 1124 2179 1141 .
2205 1097 2291 1148 ις.
2379 1071 2629 1144 Ovium

270 1176 434 1245 enim
490 1176 657 1247 illud
708 1173 1063 1269 epitheton
1120 1184 1262 1257 est,
1328 1197 1460 1245 nec
1524 1174 1724 1245 facile
1780 1174 1933 1266 quis
2001 1174 2244 1244 credat
2294 1175 2628 1247 candidas

272 1281 465 1350 fuisse
504 1279 768 1350 Paridis
805 1278 1048 1348 boves,
1134 1278 1368 1369 Itaque
1409 1274 1783 1372 ἀγραύλοις
1820 1278 2084 1370 scripsi.
2158 1278 2369 1349 Porro
2405 1279 2464 1347 si
2500 1306 2629 1350 πο-

269 1381 626 1470 λύπλοκον,
672 1393 746 1454 ut
781 1382 1087 1465 conieci,
1141 1382 1474 1473 scriptum
1513 1381 1672 1464 fuit,
1713 1391 1999 1474 apparet
2039 1402 2162 1451 cur
2197 1383 2462 1451 πλέκων
2497 1405 2626 1475 pro

268 1487 477 1556 πνέων
514 1487 813 1579 positum
853 1485 941 1555 sit
977 1485 1045 1553 in
1085 1484 1465 1555 codicibus,
1539 1484 2030 1578 Antist-rophae
2070 1506 2314 1555 versus
2351 1485 2467 1576 qui
2503 1508 2629 1579 pe-

264 1590 533 1673 rierunt,
574 1590 750 1659 haec
791 1591 938 1658 fere
974 1578 1301 1659 videntur
1336 1588 1798 1659 continuisse:
1858 1589 1953 1658 ibi
1991 1589 2253 1657 formae
2288 1589 2628 1681 pulcritu-

268 1692 410 1762 dine
483 1692 902 1785 conspicuus
964 1691 1471 1783 barbaricoque
1539 1701 1789 1762 ornatu
1839 1692 2197 1785 speciosus
2252 1691 2504 1784 hospes
2559 1694 2627 1766 in

267 1796 549 1868 Menelai
586 1796 870 1867 domum
907 1795 1172 1878 venisti,
1205 1795 1666 1886 adstitistique
1704 1793 1863 1888 (hoo
1894 1796 2141 1865 eratin
2170 1796 2388 1886 primo
2417 1817 2629 1869 versu

268 1900 460 1992 epodi
499 1901 615 1993 qui
655 1910 725 1969 et
762 1900 910 1992 ipse
962 1896 1186 1992 deest)
1233 1911 1393 1968 ante
1440 1899 1853 1991 splendidas
1881 1899 2094 1969 ebore
2133 1898 2363 1968 sedes.
2451 1900 2626 1970 Nam

265 2004 436 2094 quod
477 2005 808 2096 scriptum
845 2012 954 2072 est
989 2003 1544 2094 ἐλεφαντοδέτων
1582 2000 1892 2096 πάροιθε
1941 1998 2206 2092 δόμων,
2249 2002 2316 2070 in
2367 2024 2452 2072 eo
2503 2004 2628 2073 ab-

262 2104 734 2197 surde-doum
773 2105 1223 2197 interpolator
1266 2126 1393 2196 pro
1449 2105 1750 2175 evanido
1786 2104 2074 2199 θρόνων
2116 2106 2363 2198 posuit,
2405 2106 2627 2176 idem-

263 2232 382 2301 que
419 2210 631 2281 etiam
672 2210 748 2286 ὃς
785 2210 851 2277 in
889 2230 1099 2278 versu
1136 2217 1474 2298 sequente
1527 2218 1596 2278 et
1643 2209 1918 2301 ineptos
1966 2209 2292 2278 articulos
2331 2209 2620 2280 addidit.

262 2312 569 2384 Ceterum
615 2334 827 2404 quum
874 2312 943 2380 in
983 2311 1170 2380 libris
1224 2311 1492 2403 legatur
1526 2310 2011 2407 βλεφάροισιν,
2066 2312 2450 2397 falleretur,
2507 2315 2625 2405 qui

259 2415 694 2511 προπάροιθε
730 2415 1043 2485 scribens
1096 2415 1227 2484 hos
1282 2424 1422 2485 tres
1473 2436 1722 2485 versus
1759 2438 1898 2486 uno
1937 2437 2030 2485 ex
2067 2417 2456 2508 anapaestis
2496 2439 2624 2490 nu-

259 2542 437 2591 mero
496 2541 654 2590 cum
711 2518 1119 2611 logaoedica
1166 2518 1466 2588 catalexi
1515 2528 1792 2611 putaret
1829 2519 2223 2590 decurrere.
2310 2519 2386 2589 Id
2441 2521 2625 2590 enim

262 2624 569 2716 prohibet
624 2623 1013 2715 spondeus,
1061 2622 1177 2715 qui
1231 2623 1320 2692 ab
1372 2623 1504 2692 isto
1558 2644 1817 2715 genere
1866 2622 2136 2695 numeri
2174 2623 2437 2694 alienus
2476 2634 2620 2695 est:

258 2729 314 2797 v.
346 2727 673 2820 Aeschyli
709 2727 936 2797 Prom.
976 2729 1143 2797 465.
1177 2748 1231 2796 s.
1273 2724 1440 2795 484.
1474 2749 1529 2796 s,
1589 2728 1760 2797 Tum
1788 2727 1979 2819 quod
2010 2726 2374 2819 legebatur
2401 2728 2626 2822 ἔρωτα

259 2831 570 2919 δέδωκας,
616 2830 822 2924 ἔρωτι
861 2832 954 2919 δ’,
999 2840 1286 2922 apparet
1323 2852 1447 2900 cur
1483 2830 1972 2922 corrigendum
2012 2831 2239 2900 fuerit.
2307 2832 2623 2922 Denique

257 2935 433 3025 quo'd
483 2935 549 3002 in
606 2932 745 3003 fine
790 2933 1114 3004 carminis
1167 2933 1428 3003 habent
1471 2934 1622 3002 libri
1660 2938 1728 3010 ἐς
1776 2933 2038 3027 Τροίας
2073 2935 2426 3026 πέργαμα,
2471 2944 2624 3004 tan-

257 3037 602 3108 tummodo
657 3036 1065 3130 explendae·
1104 3036 1493 3106 sententiae
1548 3058 1796 3107 caussa
1835 3036 1921 3106 ab
1963 3036 2456 3128 interpolatore
2496 3037 2621 3106 ad-

257 3140 498 3226 ditum,
553 3163 918 3211 numerum
970 3138 1249 3231 quidem
1304 3139 1594 3231 praebet
1655 3139 1940 3223 iustum,
1999 3148 2072 3208 ut
2126 3140 2434 3224 correxi,
2495 3140 2622 3211 sed

259 3266 493 3315 vereor
546 3266 638 3314 ne
690 3245 1041 3336 aliquanto
1101 3242 1535 3334 gravioribus
1583 3243 1809 3312 verbis
1861 3264 2143 3313 carmen
2197 3244 2403 3313 fuerit
2455 3265 2623 3313 con-

259 3349 533 3420 clusum.

1224 3621 1634 3628 ——-—-——

247 3909 354 3991 DE
422 3907 1359 4005 INTERPOLATIONIBUS
1444 3907 1995 4011 EURIPIDEAE
2076 3905 2621 3989 IPHIGENIAE
2698 3916 2704 3921 ’

373 4029 475 4112 IN
528 4029 868 4113 AULIDE
921 4027 1670 4113 DISSERTATIONIS
1727 4027 1958 4110 PARS
2012 4027 2472 4133 ALTERA.*)

456 4208 656 4292 Quod
705 4209 775 4277 in
824 4209 1053 4301 priore
1105 4218 1299 4301 parte
1337 4207 1842 4277 dissertationis
1888 4205 2243 4290 dicebam,
2284 4228 2422 4275 non
2463 4227 2619 4276 esse
2638 4217 2735 4278 p.3

258 4311 479 4379 statim
517 4312 906 4381 abiicienda
944 4332 1123 4401 quae
1152 4311 1604 4403 interpolator
1641 4332 1780 4380 non
1821 4310 2086 4401 integra
2125 4309 2192 4377 in
2230 4311 2461 4379 lacero
2501 4331 2620 4379 co-

264 4412 413 4483 dice
470 4415 746 4486 inventa
798 4436 1162 4508 perperam
1217 4415 1720 4497 constituisset,
1782 4411 2194 4483 confirmant
2244 4423 2617 4506 systemata

414 4615 474 4695 *)
510 4617 687 4680 Edita
719 4628 816 4680 est
845 4637 902 4679 a.
939 4619 1123 4678 ⁴848.
