3328 5326
761 379 882 440 4⁴8
1502 378 1606 438 DE
1638 378 1990 440 MADVIGII
2020 378 2374 440 INTERPR.

744 570 881 641 hoc
935 569 1174 641 fictum
1234 579 1508 662 tempus
1559 569 1808 640 Graeci
1868 570 2297 662 grammatici
2360 567 2699 665 ἀόριστον
2756 581 3101 655 vocarunt,

744 674 907 767 quia
942 673 1182 767 quovis
1220 673 1290 742 in
1330 685 1639 766 tempore
1677 674 2004 744 collocari
2051 684 2312 767 potest,
2367 683 2700 745 errantes
2738 683 2994 744 tantum
3041 675 3105 743 in

745 800 856 863 e0‚
894 777 1083 870 quod
1123 777 1214 847 de
1250 778 1401 848 solo
1442 777 1815 870 praeterito
1852 778 2265 870 cogitarunt.
2351 778 2443 847 At
2493 777 2564 848 id
2616 778 2878 849 nullum
2912 787 3105 862 esset,

744 881 876 953 nisi
913 891 1101 951 esset
1135 880 1416 971 aliquod
1452 901 1787 973 praesens
1840 879 2202 951 infinitum.
2305 881 2382 952 ld
2431 881 2716 973 quidem
2751 881 2823 950 in
2862 880 3111 950 Graeca

750 995 823 1056 et
857 984 1072 1055 credo
1109 984 1178 1053 in
1215 984 1536 1055 omnibus
1589 984 1841 1076 linguis
1878 1005 2319 1056 communem
2354 1006 2515 1055 cum
2551 985 2874 1056 absoluto
2925 1006 3113 1077 prae-

748 1098 947 1159 sente
996 1090 1283 1158 formam
1322 1087 1564 1158 habet:
1620 1088 1749 1158 sed
1800 1087 2050 1179 quibus
2103 1088 2507 1159 terminatur
2555 1089 2900 1179 utrimque
2949 1098 3114 1157 tem-

749 1192 1055 1286 poribus,
1095 1212 1338 1262 eorum
1375 1192 1824 1284 praeteritum
1860 1191 2048 1283 apud
2084 1190 2424 1275 Graecos,
2482 1201 2554 1262 ut
2601 1192 2674 1261 in
2709 1191 3114 1283 quibusdam

755 1296 964 1366 etiam
1001 1293 1508 1366 recentioribus
1547 1295 1829 1386 linguiS‚
1868 1316 2067 1365 suam
2105 1295 2380 1388 accepit
2414 1295 2764 1389 propriam
2811 1297 3113 1378 formam,

760 1397 1089 1494 ἐποίησα,
1146 1399 1344 1469 cuius
1390 1397 1619 1469 vicem
1667 1398 1854 1492 apud
1892 1399 2170 1469 Latinos
2208 1398 2392 1470 subit
2427 1400 2816 1492 perfectum
2856 1398 3118 1469 absolu-

753 1512 932 1586 tum,
982 1500 1147 1595 feci,
1188 1504 1492 1572 futurum
1529 1510 1761 1572 autem
1798 1500 2137 1573 infinitum
2174 1512 2468 1594 uterque
2502 1502 2805 1596 populus
2857 1500 3120 1595 propria

755 1608 975 1676 forma
1027 1605 1436 1677 instructum
1488 1605 1731 1690 habet,
1771 1602 2078 1702 ποιήσω,
2123 1604 2394 1699 faciam.
2472 1606 2645 1678 Sunt
2681 1605 2891 1697 igitur
2927 1605 3118 1675 etiam

753 1719 1069 1803 tempora
1108 1705 1409 1804 ἀόριστα
1447 1710 1601 1792 tria,
1639 1710 1851 1799 ποιῶ,
1893 1708 2220 1804 ἐποίησα,
2262 1703 2559 1805 ποιήσω.
2655 1708 2781 1779 His
2821 1718 2895 1778 et
2930 1709 3119 1780 abso-

753 1814 912 1884 lutis
948 1823 1020 1882 et
1055 1811 1336 1883 infinitis
1392 1812 1822 1905 temporibus
1871 1813 2003 1883 alia
2054 1821 2213 1883 sunt
2266 1822 2582 1906 tempora
2615 1813 2685 1882 in
2723 1812 2965 1883 verbis
3013 1812 3118 1883 ad-

750 1917 1009 2000 iuncta,
1049 1938 1231 2008 quae
1268 1916 1597 2008 quoniam
1634 1937 1762 2009 per
1797 1937 1875 1986 se
1910 1917 2059 1986 sola
2097 1916 2385 2008 cogitari
2437 1926 2823 2008 nequeunt,
2864 1916 2993 1987 sed
3025 1937 3120 1986 re-

752 2022 1067 2092 feruntur
1103 2020 1194 2091 ad
1231 2019 1419 2091 aliud
1446 2020 1554 2088 vel
1581 2019 1977 2090 absolutum
2004 2020 2118 2091 vel
2146 2018 2483 2090 infinitum
2512 2030 2816 2113 tempuS,
2846 2020 3121 2090 relativa

752 2124 1210 2218 appellantur,
1249 2125 1318 2193 in
1355 2124 1606 2216 quibus
1643 2123 1785 2195 duo
1823 2136 2005 2208 sunt,
2047 2144 2227 2216 quae
2264 2123 2426 2216 quia
2467 2124 2817 2217 propriam
2847 2125 3121 2194 formam

752 2248 893 2298 non
943 2227 1237 2312 habent,
1296 2228 1597 2319 ignorari
1650 2227 2006 2311 videntur,
2064 2228 2358 2298 relativa
2409 2226 2570 2298 dico
2624 2228 3020 2320 praesentis
3066 2235 3120 2296 et

753 2331 994 2415 futuri,
1033 2332 1222 2423 quod
1258 2331 1375 2424 qui
1426 2329 1606 2424 facio
1659 2331 1861 2415 dicit,
1913 2340 2031 2403 aut
2066 2331 2387 2401 absoluto
2425 2340 2802 2425 praesente
2842 2353 2922 2401 se
2960 2351 3120 2402 nunc

759 2437 994 2504 facere
1032 2435 1234 2520 dicit;
1276 2444 1395 2507 aut
1430 2433 1721 2520 infinito,
1761 2437 1996 2504 facere
2032 2456 2111 2505 se
2148 2435 2451 2527 cogitato
2501 2435 2729 2526 aliquo
2782 2445 3116 2529 tempore3

754 2549 874 2609 aut
922 2539 1250 2623 relativo,
1298 2540 1530 2607 facere
1579 2538 1747 2609 dum
1795 2538 1986 2607 aliud
2022 2538 2190 2630 quid
2226 2539 2330 2609 vel
2367 2538 2686 2610 absoluto
2724 2540 2838 2608 vel
2877 2537 3119 2608 infinito

757 2650 1127 2734 praesente
1165 2640 1304 2712 fiat.
1379 2641 1790 2733 Eodemque
1825 2640 2041 2712 modo
2076 2640 2328 2736 faciam
2364 2652 2436 2713 et
2471 2640 2717 2713 infiniti
2754 2643 2974 2715 futuri
3010 2650 3119 2725 est,

759 2753 851 2829 et,
890 2767 1102 2836 quum
1142 2754 1557 2839 occupatum
1596 2745 1664 2813 in
1703 2745 2027 2816 faciendo
2066 2745 2409 2838 significat
2434 2768 2575 2840 quo
2606 2756 2931 2839 tempore
2961 2743 3125 2817 aliud

760 2848 928 2940 quid
965 2850 1267 2920 futurum
1306 2852 1416 2934 sit,
1456 2849 1748 2920 relativi.
1805 2848 2226 2935 RelationeS,
2268 2860 2501 2921 autem
2537 2859 2936 2943 temporum
2972 2851 3127 2919 inter

760 2973 838 3021 se
876 2974 1090 3045 quum
1126 2955 1386 3024 multae
1423 2963 1494 3023 et
1531 2953 1821 3045 cogitari
1857 2962 1928 3023 et
1963 2952 2335 3046 significari
2364 2954 2736 3024 verborum
2764 2956 2887 3024 vel
2915 2953 3127 3025 formis

755 3056 864 3125 vel
923 3058 1479 3150 copulationibus
1533 3057 1838 3150 possint,
1891 3066 2035 3127 tres
2072 3060 2337 3128 formae
2372 3058 2635 3151 primae
2672 3068 2841 3128 sunt
2877 3068 2950 3128 et
2985 3058 3126 3128 sim-

633 3159 1210 3253 p.⁶plicissimae,
1274 3161 1694 3255 imperfecti,
1751 3161 1944 3253 quod
2001 3182 2096 3231 ex
2152 3161 2669 3254 praesentibuS,
2735 3161 3123 3254 plusquam-

757 3264 1087 3357 perfecti‚
1140 3265 1331 3357 quod
1368 3287 1462 3335 ex
1495 3265 1921 3358 praeteritis,
1963 3266 2171 3336 futuri
2220 3266 2487 3350 exacti,
2537 3263 2727 3357 quod
2764 3286 2864 3337 ex
2901 3263 3121 3337 futuris

754 3365 1035 3458 pendet.

929 3467 1139 3539 Huius
1167 3468 1372 3560 igitur
1407 3467 1617 3542 futuri
1652 3492 1775 3541 eas
1804 3473 2066 3560 formas,
2096 3492 2277 3563 quae
2315 3470 2387 3539 in
2422 3493 2496 3540 so
2533 3480 2821 3555 exeunt,
2855 3480 2933 3542 ut
2953 3469 3117 3564 faxo,

759 3569 1046 3656 levasso,
1084 3570 1472 3665 Madvigius
1508 3597 1573 3667 p.
1622 3574 1740 3645 64.
1786 3575 1875 3645 ab
1912 3574 2104 3646 initio
2142 3575 2351 3646 futuri
2400 3573 2769 3668 simplicis,
2822 3596 2969 3645 non
3014 3594 3118 3643 ex-

760 3675 899 3745 acti
935 3675 1174 3759 fuisse,
1214 3684 1306 3759 et,
1347 3686 1420 3746 ut
1455 3678 1641 3770 apud
1671 3678 1975 3748 Graecos
2004 3678 2144 3760 ἄξω
2172 3688 2245 3748 et
2270 3673 2563 3768 γελοίου),
2597 3699 2689 3747 ex
2716 3700 2861 3769 quo
2892 3686 3119 3772 poetae

764 3778 942 3873 epici
980 3780 1313 3868 ἑγέλασσα
1350 3779 1673 3865 dixerint,
1715 3783 1932 3852 factas
1971 3803 2130 3852 esse
2165 3781 2424 3853 statuit.
2453 3827 2456 3832 »
2490 3779 2828 3852 Neutrum
2866 3782 3121 3852 videtur

763 3882 1061 3954 concedi
1101 3903 1328 3975 posse.
1411 3884 1635 3955 Habet
1672 3886 1784 3955 illa
1821 3885 2054 3978 opinio
2090 3886 2269 3957 duos
2306 3886 2567 3969 fonteS,
2618 3884 3118 3956 similitudinem

766 3986 1014 4057 Graeci
1066 3986 1296 4071 verbi,
1350 3997 1422 4057 et
1469 4010 1668 4060 usum
1721 3989 2004 4059 istarum
2042 3989 2229 4082 apud
2266 3988 2640 4081 scriptores
2679 3988 2964 4059 Latinos
3000 3990 3119 4057 for-

765 4110 1055 4161 marum.
1118 4089 1202 4160 Ut
1238 4112 1277 4161 a
1315 4089 1583 4162 Graeco
1621 4093 1843 4174 verbo
1881 4092 2229 4186 incipiam,
2269 4113 2476 4162 nemo
2514 4091 2797 4184 quidem
2835 4090 3118 4184 negabit,

767 4201 841 4262 ut
879 4192 1220 4263 Graecum
1258 4193 1398 4276 ἄξω
1436 4216 1530 4264 ex
1563 4195 1735 4287 ἄγω,
1779 4197 1878 4267 sic
1916 4196 2125 4267 etiam
2162 4196 2475 4267 Latinum
2522 4218 2652 4266 axo
2691 4216 2785 4265 ex
2821 4219 2946 4289 ayo
2982 4212 3119 4264 esse

766 4296 1153 4367 formatum.
1239 4298 1330 4366 At
1384 4298 1516 4369 boc
1564 4299 1843 4392 quidem
1899 4310 2307 4393 argumento
2345 4320 2486 4369 non
2522 4297 2866 4370 efficietur
2900 4309 2975 4370 ut
3008 4318 3118 4368 amo

765 4400 856 4470 ab
896 4398 1089 4469 initio
1127 4401 1348 4470 forma
1388 4402 1593 4473 fuerit
1627 4404 1837 4476 futuri
1872 4404 2221 4497 simplicis.
2293 4402 2449 4473 Non
2485 4402 2671 4473 enim
2703 4402 2973 4473 videtur
3006 4400 3119 4471 du-

767 4503 972 4574 bitari
1007 4523 1215 4595 posse
1251 4505 1416 4596 quin
1454 4505 1796 4579 Graecum
1832 4507 2003 4579 illud
2040 4507 2179 4589 ἄξω
2215 4506 2486 4599 origine
2515 4502 2640 4577 sua
2668 4504 3119 4577 coniunctivus

772 4606 1011 4682 aoristi
1057 4608 1410 4701 praeteriti
1461 4610 1664 4681 fuerit
1685 4664 1703 4695 ,
1771 4633 1908 4704 quo
1959 4632 2171 4704 quum
2223 4610 2680 4703 antiquissimi
2728 4630 2853 4703 pro
2907 4611 3115 4680 futuro

3261 4461 3264 4474 t

3261 4489 3264 4514 l

3261 5045 3264 5070 l
