3328 5326
1123 374 1363 459 ⁸Miris
1409 373 1895 437 TvroouArfl.
2588 380 2710 443 445

328 566 462 639 bus
499 567 747 639 studiis
783 569 1066 662 popu10,
1104 568 1365 639 alterae
1402 568 1767 640 liberando
1801 590 1846 638 a
1882 568 2166 640 vinculis
2194 568 2564 662 pontificiis
2599 573 2708 642 in-
2729 589 2834 650 με

331 680 610 764 gentem
649 693 880 743 rerum
919 671 1531 742 commutationem
1567 681 2039 765 procrearent.
2097 671 2201 743 Ac
2238 684 2527 745 testatur
2554 676 2710 767 qui-

331 774 493 846 dem
544 775 830 846 illa-ars
878 776 1124 846 sollers
1174 777 1553 868 reportetis
1598 776 1952 868 ingenium
2002 776 2467 870 eximiamque
2504 777 2709 851 indu-

331 881 593 963 striam,
630 878 761 950 sed
798 888 1053 964 tamen,
1093 880 1151 948 si
1181 879 1365 949 bona
1393 879 1509 949 illa
1537 879 1791 971 quibus
1818 900 2040 970 genus
2070 878 2450 951 humanum
2473 881 2709 953 beavit

328 983 702 1067 mittimuS,
757 984 907 1076 ipsa
959 1003 1085 1075 per
1137 1003 1216 1052 se
1268 982 1620 1074 aliquanto
1662 982 1889 1053 minus
1916 1004 2137 1075 ,quam
2173 984 2403 1055 multis
2438 984 2708 1057 videtur

328 1085 754 1156 admirabilis
792 1096 919 1157 est.
991 1086 1162 1157 Nam
1201 1107 1295 1155 ex
1328 1085 1465 1157 hoc
1502 1087 1654 1157 solo
1693 1085 2048 1179 pendebat
2081 1086 2230 1157 eius
2268 1088 2592 1172 inventio,
2634 1098 2709 1158 ut

326 1189 533 1260 alicui
569 1190 641 1259 in
678 1201 982 1261 mentem
1020 1191 1325 1275 veniret,
1379 1189 1686 1282 singulas
1740 1191 2118 1262 litterarum
2170 1191 2425 1261 formas
2462 1214 2601 1263 una
2637 1192 2709 1261 in

328 1292 569 1365 tabula
615 1293 709 1363 ita
756 1302 1310 1385 coagmentataS,
1382 1303 1458 1365 ut
1509 1294 1721 1364 eximi
1779 1314 1935 1365 cum
1986 1293 2275 1385 aliisque
2328 1298 2706 1386 permutari

324 1406 653 1490 possent,
723 1418 849 1490 pro
913 1397 1096 1467 varia
1153 1398 1466 1488 positura
1528 1398 1822 1488 quaevis
1872 1397 2093 1469 verba
2154 1408 2703 1490 repraesentare.

325 1500 534 1585 Quod
582 1500 799 1571 semel
846 1509 1079 1571 mente
1127 1511 1200 1570 et
1248 1499 1671 1593 cogitatione
1710 1512 2125 1593 conceptum
2161 1500 2511 1592 quomodo
2551 1500 2708 1572 effi-

322 1603 654 1675 ciendum
682 1614 892 1688 esset,
915 1604 1119 1675 facile
1146 1603 1482 1697 deinceps
1510 1625 1624 1674 res
1652 1606 1807 1696 ipsa
1831 1603 2282 1676 monstrabat.
2334 1604 2507 1675 Nam
2535 1606 2705 1697 quid

321 1706 478 1778 fieri
514 1717 834 1801 oporteat
868 1709 928 1777 si
964 1727 1103 1800 qua
1137 1708 1208 1777 in
1245 1729 1320 1777 re
1358 1707 1787 1779 intellectum
1840 1718 1983 1793 est,
2040 1717 2275 1778 cetera
2325 1731 2402 1778 se
2455 1718 2707 1802 sponte

318 1811 649 1896 offerunt,
687 1812 1185 1906 suppletus-que
1223 1810 1582 1895 tentandO,
1622 1811 1682 1881 si
1717 1811 1888 1904 quid
1925 1810 2176 1882 deesse
2216 1812 2306 1882 ad
2333 1813 2706 1905 perfectio-

316 1936 486 1985 nem
513 1914 802 1987 videtur.
863 1916 1062 1999 Quae
1089 1925 1278 1986 esset
1302 1925 1537 2003 autem
1565 1936 1680 1985 ars
1718 1915 2237 2009 typographica,
2267 1916 2322 1985 si
2353 1915 2707 1986 scribendi

315 2040 437 2090 ars
478 2040 623 2089 non
659 2028 847 2090 esset
879 2020 1211 2090 inventa?
1249 2028 1316 2089 et
1356 2029 1588 2089 tamen
1622 2018 1805 2088 hanc
1834 2019 2427 2112 typographorum
2463 2029 2703 2106 artem,

318 2132 642 2215 tempore
677 2124 1033 2194 inventam
1061 2122 1324 2194 artibus
1353 2122 1867 2206 florentissimo,
1898 2123 2200 2193 maxima
2227 2123 2709 2195 sollemnitatis

312 2247 581 2320 pompa
617 2226 1088 2310 celebramus;
1132 2227 1245 2296 illa
1281 2235 1546 2311 autem,
1601 2226 1754 2297 rudi
1789 2247 1970 2297 aevo
2008 2237 2193 2313 nata,
2234 2227 2430 2298 cuius
2467 2248 2707 2320 reper-

313 2342 433 2400 tor
470 2329 746 2422 ignotus
785 2339 913 2414 est,
953 2331 1141 2401 nulla
1171 2330 1562 2415 sollemnia,
1592 2330 1856 2401 nullum
1885 2330 2220 2401 honorem
2250 2333 2702 2417 monumenti,

315 2433 580 2503 nullam
619 2433 1190 2505 instaurationem
1227 2435 1606 2505 memoriae
1643 2433 1878 2504 habet.
1964 2433 2172 2526 Atqui
2223 2434 2342 2504 illo
2392 2433 2702 2520 homine,

321 2538 442 2629 qui
481 2536 789 2608 scribere
826 2538 1088 2631 primus
1125 2537 1441 2623 instituit,
1482 2537 1653 2609 nihil
1682 2537 2178 2622 admirabiliuS,
2208 2537 2374 2607 nihil
2404 2538 2706 2610 divinius

320 2639 476 2711 fieri
510 2641 752 2734 potuit.
815 2640 1127 2735 Cogitate
1165 2641 1373 2727 enim,
1414 2641 1795 2727 auditoreS,
1836 2650 1905 2713 et
1931 2641 2169 2736 fingite
2198 2642 2456 2727 animo,
2483 2663 2707 2734 quan-

322 2755 469 2816 tum
506 2745 641 2816 hoc
677 2747 798 2830 sit,
836 2747 1029 2818 vocis
1061 2769 1205 2818 non
1242 2747 1464 2818 solum
1502 2747 1948 2840 multipliceS,
1987 2747 2114 2818 sed
2160 2748 2367 2817 etiam
2402 2747 2707 2818 maxime

321 2848 670 2919 volubiles
707 2870 918 2920 sonos
957 2851 1170 2921 veluti
1208 2850 1592 2921 consistere
1630 2871 1919 2942 cogere3
1962 2872 2211 2921 vocem
2248 2853 2494 2943 ipsam,
2525 2872 2707 2942 quae

318 2952 490 3024 solis
529 2953 809 3024 auribus
846 2953 1246 3046 percipitur,
1285 2954 1539 3046 pictam
1576 2954 1923 3025 subiicere
1961 2953 2202 3037 oculis,
2232 2953 2555 3045 quaeque
2583 2975 2707 3025 ore

316 3055 514 3128 edita
551 3066 734 3140 sunt,
774 3056 1122 3127 audienda
1158 3076 1285 3151 per
1322 3057 1563 3127 oculos
1601 3058 1812 3127 etiam
1864 3057 2069 3149 longe
2122 3056 2442 3139 remotiS,
2496 3057 2705 3129 etiam

315 3181 524 3232 serae
562 3160 948 3253 posteritati
985 3180 1413 3253 proponere:
1454 3159 1645 3251 quod
1684 3160 1765 3229 iis
1802 3160 1921 3251 qui
1959 3161 2180 3252 primo
2219 3160 2475 3230 factum
2505 3158 2705 3230 vide-

317 3275 486 3336 runt
531 3285 674 3335 non
724 3264 951 3334 minus
1001 3263 1411 3334 incredibile
1455 3262 1682 3334 videri
1733 3262 2010 3347 debuit,
2065 3284 2274 3355 quam
2322 3261 2579 3354 figuras
2636 3273 2709 3333 et

320 3368 600 3439 colores
636 3387 1006 3460 corporum
1042 3369 1233 3438 cerni
1272 3387 1314 3437 a
1349 3366 1601 3438 caecis,
1684 3367 1812 3437 Est
1862 3375 2094 3438 autem
2143 3365 2310 3437 illud
2348 3367 2703 3438 inventum

321 3494 415 3543 eo
453 3470 964 3556 admirabiliuS,
1014 3471 1204 3563 quod
1256 3473 1373 3564 qui
1425 3472 1840 3564 scripturam
1876 3471 2339 3564 excogitavit,
2380 3472 2527 3542 fere
2563 3491 2703 3542 non

323 3596 451 3646 eos
488 3596 725 3659 sonos,
764 3576 882 3668 qui
921 3584 1169 3646 natura
1205 3596 1333 3646 sua
1367 3573 1651 3646 vocales
1689 3584 1873 3661 sunt,
1913 3574 2041 3646 sed
2078 3576 2196 3667 qui
2233 3585 2702 3645 consonantes

318 3687 668 3750 vocantur
723 3677 958 3771 figuris
996 3679 1378 3772 expressit,
1430 3701 1728 3772 quorum
1783 3700 2113 3750 sonorum
2167 3678 2383 3749 multo
2430 3678 2711 3748 tenuior

316 3783 678 3875 multoque
717 3782 1036 3853 subtilior
1069 3793 1143 3853 et
1178 3782 1376 3875 quasi
1414 3784 1730 3875 fugacior
1764 3792 2013 3855 natura
2050 3791 2189 3866 est,
2244 3802 2451 3872 quam
2489 3802 2703 3852 voca-

316 3887 511 3971 lium,
551 3894 629 3956 ut
664 3885 1053 3957 incredibili
1090 3886 1472 3957 attentione
1496 3908 1912 3978 summoque
1944 3885 2263 3958 acmnine
2293 3905 2468 3976 opus
2498 3885 2703 3956 fuerit

321 3989 412 4061 ad
441 3989 846 4061 discrimina
873 4011 1115 4062 eorum
1144 3999 1215 4059 et
1243 3989 1617 4061 varietates
1643 3990 2010 4061 notandas.
2056 3988 2270 4060 Huius
2300 3988 2505 4079 igitur
2531 3989 2703 4059 tanti

322 4103 607 4185 tamque
635 4093 851 4163 divini
880 4093 1177 4164 hominis
1204 4102 1275 4164 et
1304 4114 1561 4163 nomen
1591 4103 1661 4163 et
1679 4093 2086 4163 memoriam
2103 4100 2417 4163 vetustas
2437 4092 2696 4165 obruit:

240 4233 249 4242 ·
318 4217 568 4290 quem,
608 4197 921 4289 quisquis
961 4198 1119 4282 fuit,
1173 4197 1459 4268 summis
1510 4196 1893 4268 honoribus
1931 4196 2066 4267 coli
2101 4218 2315 4288 quum
2351 4193 2438 4265 ab
2477 4197 2706 4267 omni-

318 4302 475 4384 buS,
515 4311 662 4372 tum
698 4302 1021 4371 maxime.
1039 4302 1127 4371 ab
1163 4301 1245 4371 iis
1283 4301 1687 4393 oportebat,
1728 4300 1845 4392 qui
1883 4301 1941 4371 si
1978 4299 2090 4370 ille
2126 4321 2266 4370 non
2303 4299 2571 4384 fuisset,
2610 4320 2704 4369 ne

316 4404 664 4477 haberent
701 4402 983 4496 quidem
1020 4404 1203 4475 illam
1242 4404 1443 4476 cuius
1476 4404 1881 4475 inventione
1916 4404 2298 4499 gloriantur
2335 4414 2552 4474 artem
2592 4411 2702 4495 ty-

319 4507 843 4602 pographicam.

529 4611 674 4682 Sed
716 4610 1136 4683 veniendum
1187 4622 1330 4697 est,
1390 4611 1783 4698 aud'itoreS,
1832 4610 1920 4684 ad
1972 4613 2266 4683 alterum
2303 4627 2564 4691 eorum,
2604 4606 2701 4677 de
