3328 5326
683 398 808 460 428
1437 392 1539 457 DE
1572 392 1921 458 MADVIGII
1953 396 2031 457 ΙΝ
2034 394 2304 456 TERPB.

680 587 1278 671 commemoravit,
1307 608 1516 679 quem
1542 596 1791 659 natura
1819 607 1948 661 sua
1977 589 2276 659 futurum
2305 596 2632 658 exactum
2660 583 3039 679 significare

681 714 809 786 per
843 713 921 762 se
959 700 1171 785 patet,
1209 699 1455 782 estque
1489 691 1945 761 notissimum.

887 794 1176 865 Disserit
1217 814 1256 863 a
1294 816 1359 886 p.
1395 796 1514 864 66.
1548 794 1639 865 de
1677 796 1907 865 fiituro
1943 803 2194 864 exacto
2230 795 2300 864 in
2336 814 2412 861 ro
2464 801 2806 878 exeunte,
2855 794 3040 864 cuius

682 919 887 970 usum
923 919 1137 990 quum
1172 897 1245 966 in
1280 918 1410 967 sex
1443 898 1819 989 generibus
1855 897 2355 967 sententiarum
2389 907 2799 988 persecutus
2838 905 3038 980 esset,

680 1001 910 1072 multis
938 1002 1006 1071 in
1036 1001 1279 1084 Plauti,
1318 1002 1663 1072 nonnullis
1702 1001 1771 1070 in
1808 1000 2110 1071 Terentii
2143 999 2312 1070 locis
2348 999 2613 1070 nullum
2639 1020 2925 1093 prorsus
2961 1001 3046 1069 ait

681 1102 1056 1175 discrimen
1092 1104 1448 1196 utriusque
1486 1103 1701 1176 futuri
1736 1124 2094 1197 apparere.
2173 1103 2250 1172 ln
2285 1123 2372 1174 eo
2409 1102 2620 1187 idem,
2659 1124 2871 1195 quem
2906 1124 3047 1172 mo-

683 1206 775 1279 do
831 1207 1052 1300 tetigi,
1105 1228 1298 1279 error
1346 1207 1537 1277 latet.
1644 1207 1823 1277 Nam
1876 1207 1992 1279 ubi
2041 1205 2205 1276 nihil
2260 1206 2580 1291 interest,
2648 1228 2790 1298 quo
2841 1206 3044 1276 modo

682 1310 940 1402 aliquid
979 1309 1268 1394 dicatur,
1309 1311 1600 1381 liberum
1636 1309 1920 1402 quidem
1957 1320 2066 1381 est
2099 1330 2308 1402 quem
2346 1309 2630 1380 modum
2665 1309 2823 1402 quis
2855 1330 3049 1403 prae-

682 1416 880 1498 ferat,
918 1413 1046 1484 sed
1082 1415 1231 1506 ipse
1268 1422 1499 1483 tamen
1538 1413 1727 1483 modi
1765 1415 2067 1483 retinent
2101 1423 2420 1484 naturam
2456 1433 2686 1496 suam,
2733 1423 3049 1482 manente

522 1532 661 1593 {ms
681 1538 816 1609 que
854 1516 1130 1587 diversi.
1194 1516 1278 1586 Ut
1312 1517 1504 1601 illud,
1543 1518 1739 1588 cuius
1776 1518 2201 1588 mentionem
2237 1516 2397 1599 feci,
2427 1515 2614 1609 apud
2644 1515 3046 1587 Ciceronem

680 1621 749 1689 in
785 1620 976 1690 Verr.
1010 1621 1116 1690 ΙΙΙ.
1148 1619 1206 1712 §.
1244 1618 1411 1690 445.
1444 1619 1576 1690 nisi
1609 1619 1706 1690 ita
1741 1642 1848 1690 res
1883 1619 2236 1714 manifesta
2264 1618 2392 1689 erit
2415 1617 2644 1702 allata,
2675 1628 2749 1688 ut
2774 1642 3047 1714 respon—

678 1722 824 1793 deri
857 1720 1029 1793 nihil
1054 1722 1290 1817 possit,
1326 1722 1625 1793 vicimus.
1711 1723 1994 1794 Licebat
2029 1723 2099 1794 id
2137 1722 2374 1793 dicere
2408 1721 2760 1792 vicerimus
2796 1732 2873 1792 et
2907 1722 3047 1792 vin-

679 1849 918 1897 cemus.
1003 1827 1159 1910 Quo
1195 1847 1288 1896 ex
1322 1826 1429 1896 his
1464 1826 1686 1897 tribus
1725 1836 2064 1910 uteretur,
2119 1826 2209 1897 ad
2259 1826 2615 1896 veritatem
2665 1827 3051 1896 sententiae

678 1929 855 1999 nihil
889 1929 1250 1999 intererat:
1293 1951 1379 1999 eo
1415 1938 1647 1999 tamen
1686 1951 1827 2000 non
1862 1931 2123 2002 tollitur
2168 1929 2537 2000 discrimen
2561 1982 2578 2012 ,
2632 1929 2830 2021 quod
2883 1930 3053 1999 inter

676 2033 853 2103 haec
891 2033 1090 2103 verbi
1128 2045 1442 2125 tempora
1478 2033 1884 2118 intercedit,
1935 2034 2062 2105 sed
2109 2055 2235 2127 pro
2289 2055 2375 2104 eo
2430 2032 2834 2103 discrimine
2874 2031 3053 2104 aliud

679 2137 815 2207 alio
853 2136 1148 2207 alacrius
1185 2144 1257 2207 et
1293 2137 1534 2208 fortius
1572 2145 1700 2207 est,
1759 2137 1989 2229 Pergit
2023 2159 2208 2223 nuno
2243 2135 2633 2228 Madvigius
2659 2159 2726 2229 p.
2761 2136 2891 2207 94.
2926 2136 3047 2206 ita:

680 2240 897 2325 „illud
948 2241 1016 2309 in
1068 2240 1201 2311 hac
1253 2262 1329 2310 re
1364 2241 1818 2311 memorabile
1854 2250 1983 2325 est,
2024 2241 2187 2333 quia
2220 2239 2333 2310 hic
2372 2239 2698 2310 transitus
2736 2241 2806 2309 in
2854 2239 3056 2312 futuri

678 2344 1009 2436 simplicis
1047 2345 1277 2415 locum
1318 2345 1539 2415 factus
1576 2353 1686 2414 est
1720 2366 1846 2437 per
1883 2343 2456 2436 significationem
2487 2343 2779 2413 actionis
2820 2343 3053 2413 finitae

679 2469 772 2517 ex
818 2447 1193 2540 praeterito
1243 2447 1754 2531 inhaerentem,
1796 2448 2016 2540 (quod
2071 2448 2164 2518 ita
2202 2468 2390 2531 esse,
2445 2447 2559 2517 vel
2597 2446 2756 2515 hinc
2796 2445 3054 2518 confir-

678 2548 927 2644 matur)
975 2570 1327 2640 nunquam
1366 2550 1520 2634 illis,
1558 2572 1737 2642 quos
1775 2551 2203 2634 enumeravi,
2246 2548 2472 2621 modis
2511 2551 2812 2643 positum
2855 2571 3053 2644 repe-

679 2654 797 2724 riri
849 2655 1155 2724 futurum
1207 2652 1278 2721 in
1327 2676 1430 2737 so,
1484 2652 1675 2745 quod
1722 2676 1936 2746 quum
2002 2654 2398 2747 primariam
2451 2653 2780 2748 simplicis
2850 2651 3052 2726 futuri

677 2753 1280 2848 significationem,
1317 2765 1588 2826 retenta
1624 2758 1837 2828 futuri
1865 2760 2119 2842 exacti,
2152 2759 2516 2842 amisisset,
2554 2755 2640 2851 (si
2664 2756 2832 2850 saxo
2867 2759 3055 2828 exci-

676 2857 963 2953 pimus),
1002 2880 1144 2929 non
1179 2858 1403 2956 potuit
1438 2881 1594 2930 eam
1631 2860 1747 2930 illa
1781 2861 1897 2930 via
1933 2870 2431 2955 recuperare.“
2512 2860 2711 2945 Quae
2746 2860 2863 2932 his
2901 2884 3054 2932 ver-

677 2963 784 3033 bis
822 2964 1299 3048 continentur,
1358 2972 1433 3034 ut
1479 2963 1756 3057 planius
1793 2962 2023 3034 dicam
2071 2963 2244 3058 (ipse
2281 2967 2468 3035 enim
2505 2965 2877 3036 obscurius
2915 2967 3055 3036 elo-

677 3076 880 3139 cutus
916 3065 1046 3162 est)
1082 3066 1259 3137 baec
1296 3077 1487 3137 sunt:
1540 3068 1846 3139 futurum
1896 3079 2224 3139 exactum
2261 3069 2328 3138 in
2365 3091 2441 3139 ro
2480 3069 2929 3139 terminatum
2965 3071 3053 3139 ita

675 3170 1069 3264 promiscue
1119 3192 1280 3241 cum
1333 3170 1625 3264 simplici
1678 3173 1911 3243 futuro
1961 3174 2438 3258 consociatur,
2509 3182 2582 3242 ut
2636 3173 2762 3241 vix
2825 3174 2919 3242 ab
2969 3194 3050 3243 eo

678 3273 987 3357 differat;
1061 3274 1360 3344 futurum
1425 3296 1549 3367 per
1607 3298 1682 3345 so
1746 3277 2116 3347 formatum
2187 3276 2414 3346 amisit
2477 3273 3052 3367 significationem

675 3377 1006 3468 simplicis
1045 3377 1278 3460 futuri,
1319 3380 1599 3448 retinuit
1635 3377 2212 3470 significationem
2251 3380 2457 3450 futuri
2502 3381 2773 3463 exacti;
2826 3395 2918 3450 eo
2956 3378 3046 3462 fit,

680 3490 752 3550 ut
791 3481 860 3548 in
894 3479 1012 3548 tali
1051 3482 1415 3564 sententia,
1444 3480 1503 3550 si
1543 3480 1669 3551 hoc
1699 3480 1946 3574 secero,
1984 3505 2227 3575 maqna
2264 3489 2324 3553 te
2360 3503 2522 3551 σανα
2558 3480 2883 3567 levavero,
2915 3503 3049 3552 non

680 3582 951 3653 dicatur
1003 3580 1273 3652 levasso.
1357 3583 1558 3653 Nunc
1612 3585 1844 3654 futura
1893 3596 2143 3656 exacta
2187 3586 2255 3655 in
2289 3608 2365 3655 ro
2404 3586 2726 3655 exeuntia
2763 3607 2894 3656 cur
2929 3607 3049 3656 ne-

676 3707 873 3777 gem,
912 3687 1121 3756 etiam
1159 3684 1217 3754 si
1254 3705 1466 3778 saepe
1502 3708 1795 3757 numero
1828 3689 1926 3758 ita
1960 3698 2410 3783 usurpentur,
2452 3698 2526 3759 ut
2562 3710 2721 3759 cum
2758 3689 3047 3783 simplici

676 3791 907 3860 futuro
945 3791 1352 3859 commutari
1408 3790 1789 3881 potuerint,
1835 3813 2159 3884 umquam
2211 3813 2377 3863 vere
2430 3792 2767 3884 simplicia
2820 3795 3048 3863 futura

675 3911 856 3977 esse,
894 3892 1106 3963 modo
1143 3891 1307 3962 dixi.
1393 3893 1567 3963 Illud
1606 3893 1894 3963 alterum
1935 3906 2165 3967 autem
2215 3896 2413 3965 nimis
2451 3897 2767 3987 profecto
2799 3897 3043 3966 mirum

675 4003 818 4078 est,
873 3997 1101 4068 futura
1139 3997 1209 4066 in
1243 4018 1315 4066 80
1354 3998 1751 4080 terminata,
1808 4020 1990 4089 quae
2044 3999 2131 4069 ab
2183 3999 2375 4069 initio
2430 3999 2768 4092 simplicia
2821 4000 3045 4070 futura

676 4098 952 4182 fuerint,
991 4099 1108 4185 ibi,
1149 4100 1266 4171 ubi
1302 4099 1595 4193 simplici
1633 4102 1866 4173 futuro
1903 4121 2078 4196 opus
2116 4104 2234 4187 sit,
2274 4124 2414 4173 non
2455 4103 2795 4195 usurpari,
2835 4103 3042 4195 idque

675 4209 1077 4295 propterea,
1129 4203 1321 4295 quod
1367 4224 1566 4274 suam
1615 4214 1932 4274 naturam
1986 4208 2338 4291 exuerint,
2405 4204 2757 4277 induerint
2817 4215 3041 4277 autem

675 4302 1248 4398 significationem
1303 4307 1514 4378 futuri
1560 4308 1825 4392 exacti,
1881 4331 2093 4401 quum
2133 4320 2365 4380 tamen
2402 4330 2543 4380 non
2581 4309 2669 4379 sit
2705 4318 3042 4379 monstra-

676 4420 859 4493 tum,
915 4407 1104 4478 unde
1158 4412 1586 4503 acceperint,
1649 4432 1861 4503 quam
1917 4414 2217 4484 retinere
2268 4413 2632 4496 dicuntur,
2691 4414 3038 4484 notionem

676 4512 1048 4605 praeteriti.
1133 4511 1209 4582 Id
1255 4511 1501 4604 igitur,
1552 4514 1746 4607 quod
1800 4513 1974 4588 baec
2021 4518 2281 4600 futura,
2320 4537 2504 4609 quae
2540 4517 2607 4586 in
2646 4539 2719 4586 so
2759 4522 3032 4594 exeunt,

674 4614 1088 4707 quibusdam
1116 4615 1186 4684 in
1214 4617 1712 4689 sententiarum
1739 4620 2134 4709 generibus,
2161 4629 2528 4713 postquam
2552 4620 2776 4711 magis
2803 4618 3036 4689 excul-
