3328 5326
1288 368 1690 432 PINDARUS.
2557 370 2580 429 l
2599 370 2622 429 l
2639 371 2677 430 9

302 561 412 632 καί
447 588 574 632 νυν
606 560 1015 653 ἐπωνυμίαν
1048 558 1256 655 χάριν
1291 560 1489 638 νίκας
1525 558 1880 657 ἀγερώχου
1907 558 2439 656 κελαδησόμεθα
2464 568 2675 657 βρον-

300 662 456 735 τάνε
513 665 786 736 numeri
849 675 1083 736 autem
1135 684 1279 735 non
1336 665 1570 735 ferunt
1618 663 1740 735 καί
1788 690 1954 753 νυν,
2013 684 2147 734 nec
2195 660 2404 759 χάριν
2454 663 2671 744 νίκας.

309 767 626 839 Fortasse
656 767 838 839 haec
873 768 975 838 sic
1012 768 1272 861 scripta
1308 769 1610 839 fuerant:

399 872 649 966 ἀρχαῖς
683 868 1015 963 ἑπόμενοι
1050 870 1125 943 δὲ
1158 871 1536 967 προτέραις
1571 870 1676 942 ἔτι
1712 896 1839 941 νυν
1873 867 2282 960 ἐπωνυμίαν
2315 865 2523 967 χάριν
2558 872 2677 944 ἀλ·-

1537 973 1663 1052 κᾶς
1701 970 2055 1070 ἀγερώχου

396 1072 925 1173 κελαδησόμεθα
958 1074 1296 1173 βροντάν.

304 1179 402 1251 A&
453 1180 1018 1254 coniunctionem
1077 1181 1351 1252 scribae
1419 1180 1827 1274 saepissime
1877 1190 2039 1274 post
2085 1179 2380 1274 primam
2430 1201 2677 1252 vocem

302 1294 701 1377 posuerunt,
746 1284 863 1358 ubi
900 1277 990 1355 ab
1026 1306 1113 1356 ea
1147 1285 1595 1356 remotiorem
1632 1284 2065 1370 invenerant,
2106 1293 2180 1356 ut
2212 1306 2280 1353 v.
2317 1282 2434 1353 7⁴.
2469 1284 2590 1354 ubi
2638 1305 2679 1355 a

308 1387 603 1459 Pindaro
654 1387 897 1458 ἄκοντι
939 1385 1295 1484 Φράστωρ.
1327 1388 1390 1459 δ’
1445 1396 1596 1458 erat
1629 1390 2041 1481 profectum.
2118 1387 2274 1459 Non
2309 1396 2470 1481 post
2504 1408 2681 1480 quo-

302 1502 443 1563 tum
492 1491 778 1562 verbum
825 1502 1124 1584 ponatur
1172 1491 1303 1562 ista
1345 1491 1685 1585 particula
1721 1490 2200 1584 quaerendum
2238 1500 2384 1576 est,
2424 1491 2552 1563 sed
2590 1513 2679 1562 an

301 1604 454 1688 post
479 1594 550 1665 id
579 1594 890 1680 verbum,
919 1594 1113 1687 quod
1139 1604 1332 1667 recte
1359 1604 1752 1689 opponatur
1781 1594 2228 1689 praegressis.
2286 1595 2690 1667 ΑΛΚΛΣ

301 1697 707 1791 quantillum
743 1697 833 1767 ab
872 1699 1233 1770 A‘JKAS
1260 1697 1473 1768 distet
1507 1720 1717 1770 nemo
1754 1721 1895 1771 non
1931 1698 2142 1784 videt,
2180 1695 2383 1793 χάρις
2419 1708 2676 1784 autem,

302 1811 376 1874 ut
407 1822 623 1896 saepe
661 1800 850 1895 apud
877 1799 1273 1886 Pindarum,
1303 1801 1419 1872 hic
1448 1802 1740 1874 victoria
1765 1802 2178 1874 nominatur.
2236 1801 2312 1872 In
2340 1800 2470 1871 illis
2497 1823 2680 1894 quae

299 1904 388 1977 ad
421 1903 735 2001 βροντὰν
769 1903 1040 1976 addidit
1077 1914 1317 1997 poeta,
1356 1903 1474 1976 καὶ
1509 1904 1983 2000 πυρπάλαμον
2018 1908 2214 1998 βέλος
2247 1902 2680 2000 ὀρσικτύπου

298 2002 504 2097 Διός,
547 2012 624 2079 ἐν
660 2005 923 2078 ἅπαντι
957 2005 1197 2102 κράτει
1232 2010 1517 2080 αἴθωνα
1554 2008 1894 2104 κεραυνὸν
1929 2006 2285 2104 ἀραρότα,
2326 2017 2680 2101 postrema

294 2133 433 2183 non
464 2121 659 2181 recte
687 2110 1038 2182 intellecta
1065 2111 1292 2183 video.
1331 2110 1705 2206 Κεραυνὸς
1740 2115 1815 2182 ἐν
1842 2110 2104 2182 ἅπαντι
2131 2108 2373 2205 κράτει
2400 2110 2682 2206 ἀραρώς

293 2224 402 2286 est
422 2259 427 2264 -
450 2215 715 2286 fulmen
765 2236 924 2286 cum
976 2215 1163 2285 omni
1202 2215 1493 2286 victoria
1543 2214 1990 2287 coniunctum
2010 2267 2030 2298 ,
2069 2214 2234 2307 quia
2269 2214 2527 2307 Iupiter
2560 2214 2683 2286 dat

294 2319 671 2389 victoriam.

503 2421 732 2494 Latuit
782 2422 1017 2514 gravis
1070 2443 1267 2494 error
1318 2422 1390 2492 in
1442 2421 1550 2492 his
1603 2443 1668 2490 V.
1726 2419 1847 2493 24.
1917 2420 2152 2510 ἀγῶνα
2208 2422 2268 2490 δ’
2322 2418 2683 2515 ἐξαίρετον

292 2526 526 2596 ἀεῖσαι
572 2526 866 2616 θέμιτες
914 2520 1148 2620 ὦρσαν
1187 2522 1404 2613 Διός,
1448 2524 1532 2595 ὃν
1569 2522 1837 2619 ἀρχαίῳ
1878 2519 2147 2615 σάματι
2180 2521 2323 2618 πάρ
2360 2524 2685 2601 Πέλοπος

288 2627 410 2726 βίη
437 2627 818 2724 Hyantiae
853 2628 1253 2702 ἐκτίσσατο.
1314 2627 1472 2699 Non
1498 2627 2015 2722 intelligebatur
2039 2627 2224 2698 enim
2262 2626 2432 2721 quid
2468 2636 2679 2713 esset,

291 2732 489 2825 quod
538 2732 803 2825 antiqui
856 2732 1005 2803 libri
1055 2755 1182 2827 pro
1230 2732 1336 2804 his
1387 2733 1614 2803 verbis
1629 2786 1648 2818 ‚
1701 2730 1820 2828 βίη
1866 2731 2284 2826 Ἡρακλέος,
2342 2731 2685 2803 haberent

290 2834 542 2927 βωμὸν
591 2830 987 2931 ἑξάριθμον
1030 2837 1434 2933 Ἡρακλέης.
1523 2834 1801 2926 Βωμὸν
1850 2835 2136 2927 quidem
2185 2835 2376 2907 unde
2410 2835 2685 2906 venerit

295 2960 390 3009 ex
427 2938 713 3010 scholiis
765 2938 1128 3011 discimus:
1184 2961 1346 3011 nam
1398 2940 1701 3012 tumulus
1740 2938 2015 3032 Pelopis
2052 2959 2196 3009 non
2234 2937 2556 3011 diversus
2593 2938 2683 3009 ab

292 3063 414 3113 ara
471 3064 630 3114 esse
679 3042 1064 3115 dicebatur.
1138 3040 1586 3136 Ἑξάριθμον
1627 3051 1860 3114 autem
1898 3041 2066 3112 nihil
2102 3041 2291 3113 aliud
2329 3052 2437 3114 est
2472 3063 2683 3135 quam

292 3145 775 3239 interpretatio
802 3145 1142 3231 vocabuli,
1171 3145 1361 3237 quod
1397 3166 1540 3216 non
1578 3145 2009 3217 intellectum
2044 3145 2115 3215 in
2149 3143 2509 3240 ἐξαίρετον
2535 3156 2687 3215 erat

293 3259 659 3321 mutatum.
715 3248 865 3345 Βίη
890 3250 1272 3345 Ἡρακλέος
1299 3258 1492 3319 recte
1527 3250 1761 3343 posuit
1789 3248 2172 3334 TricliniuS,
2202 3248 2351 3319 sola
2378 3248 2683 3321 dialecto

294 3373 625 3443 peccans.
704 3353 858 3423 Non
895 3353 1185 3425 dubium
1222 3353 1498 3425 videtur
1532 3353 1701 3446 quin
1739 3352 2076 3424 Pindarus
2112 3351 2500 3445 scripserit:

402 3456 638 3545 ἀγῶνα
675 3457 735 3527 δ’
776 3455 1099 3553 ἑξήριτον
1135 3458 1368 3528 ἀεῖσαι
1413 3457 1706 3547 θέμιτες
1757 3450 1994 3551 ὦρσαν
2031 3454 2239 3544 Διός,
2293 3456 2379 3527 ὃν
2419 3454 2684 3552 ἀρχαίῳ

1546 3557 1819 3651 σάματι
1852 3558 1998 3655 πάρ
2036 3561 2359 3636 Πέλοπος

401 3661 522 3752 βία
551 3662 932 3758 Ἡρακλέος
965 3662 1366 3735 ἐκτίσσατο.

295 3763 389 3835 Ut
440 3766 529 3835 ab
579 3765 729 3862 ἅρω
782 3776 891 3838 est
939 3763 1261 3862 ἀρθμός,
1319 3766 1420 3837 sic
1465 3767 1555 3837 ab
1606 3767 1934 3838 inusitato
1983 3788 2077 3837 ex
2128 3764 2380 3836 eadem
2444 3762 2683 3835 radice
2702 3777 2839 3839 ΡΛ9

292 3868 519 3940 verbo
570 3868 786 3965 ἀρίζω
826 3867 1141 3966 ἀριθμός
1177 3880 1248 3941 et
1284 3870 1597 3941 verbalia
1635 3871 1707 3939 in
1741 3895 2013 3965 ηριτος,
2057 3878 2134 3941 ut
2169 3864 2520 3963 Νήριτον,
2561 3865 2682 3963 νή-

298 3996 496 4064 ριτος
530 3972 689 4068 ὕλη,
744 3971 1264 4069 νηριτόμυθος,
1319 3970 1866 4069 νηριτόφυλλον,
1918 3981 1991 4043 et
2033 3971 2224 4064 quod
2261 3970 2681 4043 simillimum

299 4083 413 4145 est
448 4075 809 4149 Pindarico
845 4076 1034 4147 Iliad.
1067 4077 1272 4146 XXII.
1308 4075 1479 4149 349.

613 4182 764 4250 οὐδ’
802 4183 874 4251 εἴ
900 4207 1018 4251 κεν
1053 4177 1320 4258 δεκάκις
1353 4208 1428 4251 τε
1468 4178 1585 4252 καὶ
1620 4176 2063 4275 εἰκοσινήριτ’
2113 4178 2374 4249 ἄποινα

615 4281 908 4379 στήσωσ’
948 4280 1193 4355 ἐνθάδ’
1234 4283 1551 4373 ἄγοντες,

309 4383 501 4470 quod
549 4395 655 4456 est
701 4383 1278 4481 εἰκοσινάριθμα.
1385 4386 1529 4457 Sex
1578 4395 1814 4458 autem
1866 4386 2247 4457 certamina
2296 4386 2684 4458 instituerat

314 4483 662 4574 HercuIeS,
703 4510 928 4581 eaque
965 4488 1212 4561 ordine
1248 4499 1747 4562 enumerantur
1780 4515 1837 4559 v.
1875 4490 2200 4562 60—-73,
2297 4548 2304 4553 .

520 4591 961 4686 Stropharum
1015 4593 1217 4665 huius
1284 4594 1610 4665 carminis
1662 4593 1943 4671 ultimus
1990 4615 2239 4667 versus
2290 4591 2684 4683 Glyconeus
