3328 5326
648 382 775 444 ut
1359 377 1487 437 OB.
1522 375 1602 436 IN
1645 376 1741 437 IV.
1779 375 1990 437 FEST.
2023 375 2292 438 SECUL.

546 592 553 599 ·
652 574 905 668 quibus
943 594 1052 643 me
1089 571 1432 643 dicturum
1458 565 1880 659 significavi,
1918 568 2034 660 qui
2067 568 2208 637 sint
2241 567 2376 651 illi‚'
2397 568 2516 660 qui
2545 566 2874 639 inventae
2909 588 3019 638 ειν-φ

656 678 744 748 tis
782 674 1331 771 typographicae.
1345 672 1752 742 memoriam
1777 671 2154 761 ,celebrent⁴
2171 718 2180 739 2
2195 670 2467 742 ‚Credat
2485 672 2682 764 *qnis5
2695 671 3020 764 quoniam

658 781 911 854 utilitas
949 781 1097 863 ejus
1133 777 1224 848 ad
1250 777 1515 848 omnes·
1534 774 1863 867 'pertinen
1889 775 2246 847 neminem
2268 796 2425 845 esse
2451 775 2674 868 quise
2701 780 3026 867 segreget

659 902 702 956 a
742 883 1093 955 communi
1127 879 1694 974 approbationes.
1750 879 2010 949 Tamen
2047 879 2292 949 nescio
2328 900 2418 949 an
2453 878 2523 949 id
2562 880 2889 973 permulti
2925 880 3027 948 fa·

654 990 871 1059 ciant.
960 985 1113 1056 Non
1162 984 1321 1055 dico
1374 984 1838 1065 facinorosos,
1891 984 2010 1075 qui
2059 1003 2267 1075 quam
2313 1003 2555 1076 parum
2601 992 2918 1053 metuant
2957 983 3026 1052 in

663 1090 834 1161 actis
870 1089 1135 1160 diurnis
1171 1086 1513 1171 describi,
1552 1106 1880 1157 crescens
1914 1088 1987 1157 in
2024 1085 2176 1157 dies
2215 1086 2498 1157 lenitate
2533 1086 2866 1180 puniendi
2901 1109 3028 1158 nu·-

658 1215 894 1264 merus
932 1214 1173 1263 eorum
1212 1190 1457 1283 arguit,
1496 1189 1623 1260 sed
1662 1189 1814 1260 illos
1850 1211 1983 1261 nec
2021 1208 2282 1282 paucos
2319 1211 2556 1282 neque
2589 1189 2804 1259 infimi
2829 1190 3030 1261 Lon-di·-

662 1298 805 1380 nisr
833 1318 1126 1389 quorum
1163 1295 1457 1365 interest
1486 1293 1842 1364 hominum
1879 1303 2150 1364 mentes
2187 1314 2423 1364 crassa
2453 1294 2517 1362 in
2549 1294 2846 1387 caligine
2872 1314 3032 1364 ver-

660 1402 834 1483 sari,
888 1421 1026 1491 quo
1079 1420 1201 1483 eas
1246 1396 1751 1490 vel.religionis
1785 1397 2166 1469 terroribus
2193 1398 2615 1490 stupefactas
2653 1398 2762 1466 vel
2803 1397 3031 1469 alieno

659 1503 953 1574 arbitrio·
997 1524 1249 1596 parere
1299 1511 1534 1572 suetas
1570 1500 1641 1569 in
1687 1510 2032 1593 potestate
2069 1520 2195 1572 sua
2234 1523 2317 1571 ac
2355 1500 2828 1574 dominatione
2863 1522 3033 1572 con·

660 1608 947 1678 tineant.
1006 1607 1138 1691 Qui
1173 1626 1388 1698 quum
1424 1604 1811 1697 exstirpare
1846 1616 2199 1697 nequeant
2227 1607 2447 1675 artem
2482 1625 2666 1696 quae
2699 1604 2868 1698 ipsis
2905 1626 3029 1698 po-

662 1711 916 1781 tentior
945 1712 1125 1780 facta
1157 1718 1287 1793 est,
1306 1730 1493 1780 nunc
1523 1709 1846 1799 frangere
1875 1709 2022 1780 eius
2049 1709 2819 1801 potentiam'conantur‚
2849 1712 3033 1780 nunc

664 1823 952 1887 utuntur
985 1814 1075 1883 ea‘
1109 1813 1200 1884 ad
1236 1811 1570 1883 fucandas
1608 1812 1946 1897 fallacias,
1986 1811 2238 1904 quibus
2287 1834 2365 1883 se
2409 1833 2667 1905 capere
2717 1812 3034 1883 homines

660 1927 967 2011 sperant.
1056 1916 1280 1986 Ceteri
1329 1915 1638 2008 gaudent
1675 1926 1824 1986 arte
1862 1915 2382 2009 typographica,
2423 1916 2723 2008 laetique
2760 1915 2895 1986 lioc
2929 1918 3036 1987 fe-

662 2036 848 2093 stum
900 2020 1413 2093 concelebrant.
1509 2018 1880 2090 Celebrant
1931 2021 2055 2111 qui
2102 2019 2400 2112 legendo
2453 2020 2568 2090 vel
2620 2019 2879 2090 erudiri
2930 2021 3037 2090 vel

662 2126 997 2196 oblectari
1025 2125 1139 2195 vel
1168 2144 1600 2216 cognoscere
1627 2123 1796 2215 quid
1824 2124 1987 2194 novi
2018 2124 2294 2196 accidat
2318 2124 2644 2216 eupiunt;
2665 2124 3040 2194 celebrant

660 2229 783 2322 qui
811 2230 1145 2312 scribunt,
1165 2228 1508 2298 ethorum
1534 2226 1820 2319 quidem
1848 2227 1961 2298 alii
1990 2236 2068 2299 ut
2091 2226 2414 2314 doceant,
2446 2226 2561 2297 alii
2588 2232 2665 2298 ut
2693 2227 3038 2320 placeant,

664 2332 779 2404 alii
815 2333 1035 2426 gratia
1071 2331 1326 2403 odiove
1363 2331 1586 2415 ducti,
1628 2332 1742 2401 alii
1777 2331 1961 2423 iique
1997 2352 2140 2404 non
2190 2331 2426 2425 pauci,
2479 2341 2554 2402 ut
2598 2332 2810 2400 vitam
2864 2331 3041 2401 tole-

667 2445 857 2507 rent:
910 2436 1268 2506 celebrant
1316 2435 1621 2526 denique
1673 2456 1969 2526 quorum
2018 2436 2373 2527 negotium
2422 2436 2496 2505 in
2530 2445 2678 2504 arte
2713 2438 3043 2527 typogra-

669 2539 1208 2633 phicapositum
1247 2549 1388 2623 est,
1427 2538 1685 2607 librarii
1721 2539 1991 2632 ipsique
2025 2538 2475 2632 typographi,
2533 2548 2605 2608 et
2629 2538 2769 2630 qui
2807 2538 2874 2607 in
2917 2538 3043 2608 ho-

671 2667 823 2715 rum
861 2652 1020 2715 sunt
1055 2641 1349 2712 officinis
1387 2640 1728 2734 occupati.
1814 2641 1899 2711 Hi
1949 2663 2192 2714 omnes
2244 2656 2386 2715 nno
2430 2662 2590 2727 ore,
2629 2663 2771 2712 non
2809 2653 3043 2713 autem

672 2745 902 2818 animo
940 2746 1192 2816 eodem
1230 2754 1447 2815 artem
1483 2745 1674 2815 illam'
1710 2745 2015 2817 laudant.
2082 2747 2258 2817 Nam
2295 2747 2722 2818 utilissimam
2758 2747 3045 2838 quidem

544 2865 650 2928 μῦ
671 2859 743 2921 et
778 2850 909 2934 sibi
944 2860 1017 2920 et
1051 2850 1121 2919 in
1158 2870 1526 2920 commune
1566 2870 1725 2922 esse
1761 2871 2005 2921 omnes
2041 2852 2506 2933 consentiunt,
2546 2849 2671 2920 sed
2713 2852 3045 2942 quoniam

673 2949 968 3025 caussae
1003 2953 1180 3025 illius
1219 2953 1523 3024 utilitatis
1561 2953 2077 3025 diversissimae
2111 2965 2304 3040 sunt,
2358 2953 2544 3025 aliud
2595 2955 2892 3026 aliorum
2939 2964 3046 3024 est

666 3057 1023 3152 gaudium,
1063 3067 1270 3150 atque
1306 3057 1869 3130 honestissimum
1897 3059 2177 3150 quidem
2209 3080 2476 3141 eorum,
2515 3058 2632 3150 qui
2660 3059 2774 3129 vel
2805 3058 3045 3128 doceri

672 3163 795 3254 vel
822 3162 1084 3233 docere
1119 3161 1291 3233 alios
1329 3162 1649 3254 cupiunt:
1691 3183 2109 3255 quamquam
2143 3161 2391 3232 borum
2430 3161 2559 3231 etsi
2596 3162 2813 3232 multo
2853 3184 3045 3232 com—

673 3266 943 3336 modior
992 3285 1117 3359 per
1174 3286 1330 3335 eam
1385 3269 1638 3349 artem,
1694 3267 1926 3336 tam'en
1975 3266 2184 3337 etiam
2238 3264 2424 3337 haud
2470 3266 2700 3358 paullo
2737 3265 3046 3336 deterior

672 3371 859 3439 facta
896 3381 1003 3439 est
1038 3368 1364 3438 conditio.
1440 3369 1616 3439 Sunt
1651 3370 1836 3439 enim
1872 3369 1943 3438 hi
1975 3369 2067 3440 de
2103 3370 2354 3461 quibus
2390 3370 2639 3461 loquor
2674 3368 2891 3453 docti,
2930 3368 3045 3461 qui

664 3493 884 3563 quum
913 3472 1026 3541 illo
1055 3482 1391 3565 tempore,
1423 3493 1562 3562 quo
1591 3473 2098 3566 propemodum
2124 3473 2252 3544 soli
2275 3474 2672 3544 facultatem
2700 3493 3044 3565 usumque

672 3574 951 3668 legendi
999 3585 1072 3644 et
1120 3573 1466 3645 scribendi
1522 3576 2010 3667 possidebant,
2059 3578 2154 3648 wob
2205 3598 2358 3647 eam
2412 3577 2628 3669 ipsam
2681 3577 3044 3647 scientiam

673 3678 1116 3750 admirabiles
1152 3677 1558 3749 viderentur
1593 3701 2006 3772 summoque
2043 3681 2113 3750 in
2150 3680 2416 3751 honore
2443 3690 2703 3764 essent3
2739 3681 3045 3750 maxima

673 3792 869 3874 parte
907 3782 1087 3853 illius
1125 3781 1597 3853 admirationis
1634 3793 1708 3853 et
1742 3783 2094 3877 dignitatis
2131 3785 2321 3855 exuti
2359 3794 2543 3868 sunt,
2571 3805 2664 3854 ex
2691 3806 2834 3876 quo
2864 3786 3048 3855 litte-

673 3889 901 3957 raru'm
953 3884 1256 3979 cognitio
1311 3907 1435 3977 per
1487 3906 1765 3957 omnem
1801 3889 2137 3980 populum
2173 3888 2421 3960 diffusa
2455 3886 2689 3958 effecit
2724 3898 2801 3959 ut
2838 3889 3048 3958 etiam

672 3988 995 4063 indoctus
1028 3989 1324 4082 quisque
1363 3988 1591 4060 doctis
1636 4010 1678 4058 a
1727 3992 1934 4083 vulgo
1985 3993 2581 4064 adnumeraretur.
2665 3991 2895 4061 Facile
2946 4001 3049 4062 ta-

668 4112 832 4161 men
869 4094 961 4162 illi
992 4093 1173 4163 hanc
1211 4095 1434 4164 famae
1470 4114 1639 4166 suae
1676 4102 1884 4185 atque
1928 4095 2461 4167 existimationis
2498 4095 3047 4182 imminutionem

674 4195 942 4279 ferunt,
997 4197 1348 4288 quiaeam
1396 4197 1780 4290 intelligunt
1813 4200 2004 4270 nullo
2041 4200 2251 4270 modo
2285 4198 2378 4269 *ad
2417 4199 2687 4284 illorum
2725 4200 3048 4291 amplitu-

670 4297 911 4369 dinem
959 4301 1515 4385 commodo‘rum‚
1568 4322 1750 4393 quae
1802 4323 1893 4373 ex
1947 4313 2094 4374 arte
2145 4302 2643 4396 typographica
2693 4302 2785 4373 ad
2821 4323 2900 4372 se
2938 4323 3048 4372 re-

676 4400 1074 4487 dundarint3
1114 4406 1323 4495 posse
1358 4405 1764 4498 comparari.
1853 4406 2138 4477 Pessimi
2180 4409 2351 4478 vero
2401 4407 2746 4500 planeque
2785 4404 3045 4498 indigni

670 4505 1160 4577 communione
1197 4507 1399 4578 huius
1436 4509 1624 4600 quod
1666 4510 1889 4603 agitur
1917 4510 2096 4595 festi,
2126 4531 2548 4603 quamquam
2563 4508 2757 4580 ⁴inter
2784 4511 3043 4582 laetan-

674 4619 782 4681 tes
819 4610 1499 4703 atque-exsultantes
1530 4633 1670 4684 non
1728 4612 1971 4699 ultimi,
2029 4614 2125 4685 illi
2174 4617 2352 4687 sunt'
2385 4614 2526 4686 non
2577 4615 2816 4708 pauci,
2871 4631 3039 4706 quos
