3328 5326
919 390 1306 466 QUARUND.
1346 394 1573 459 VERBI
1602 394 1773 457 LAT.
1813 396 2044 458 FORM.
2547 401 2676 464 429

306 593 421 657 tus
474 585 603 657 fuit
651 605 915 669 sermO,
968 607 1110 656 non
1160 596 1322 658 sunt
1387 598 1753 680 usurpata,
1821 589 2038 660 multo
2102 589 2480 682 simplicius
2530 593 2684 663 sine

300 687 694 760 istiusmodi
744 689 1089 761 machinis
1141 711 1228 761 eo
1279 690 1491 761 modo
1537 690 1711 761 mihi
1747 690 2026 763 videtur
2060 693 2396 786 explicari
2446 716 2681 788 posse,

307 812 520 882 quem
557 812 772 883 supra
804 792 1132 863 indicavi.

513 895 785 967 Transit
811 895 1203 988 Madvigius
1229 895 1319 967 ad
1348 896 1889 982 coniunctivum,
1918 920 2128 989 quem
2167 899 2393 970 futuro
2431 911 2683 973 exacto

303 997 566 1083 tribuit,
605 997 911 1091 dicitque
946 1022 1014 1092 p.
1050 997 1170 1071 97.
1202 1000 1455 1072 multos
1483 1008 1555 1070 et
1579 1021 1871 1092 magnos
1898 1022 2174 1073 errores
2202 1024 2293 1072 ex
2324 1024 2461 1075 uno
2491 1005 2682 1075 fonte

301 1122 789 1194 promanasse,
827 1102 1023 1193 quod
1052 1102 1166 1172 hic
1204 1103 1688 1175 coniunctivus
1725 1104 1815 1175 ab
1862 1103 2240 1177 indicativo
2293 1127 2419 1179 suo
2475 1108 2682 1178 futuri

302 1205 636 1297 temporis
673 1206 1051 1289 seiunctuS,
1091 1205 1460 1284 adiunctus
1500 1208 1591 1277 sit
1626 1206 1716 1277 ad
1752 1209 2157 1299 perfectum.
2235 1207 2496 1280 Vereor
2547 1232 2683 1303 ego

301 1330 396 1378 ne
431 1308 502 1377 in
539 1308 673 1379 hac
708 1331 785 1380 re
820 1310 1052 1381 nullus
1090 1309 1180 1379 sit
1214 1331 1427 1380 error.
1496 1310 1599 1380 Ac
1634 1310 1932 1403 primum
1967 1332 2253 1403 quaem,
2294 1333 2419 1383 cur
2451 1335 2683 1405 neque

304 1410 556 1482 Graeci
591 1412 1112 1484 coniunctivum
1148 1413 1357 1484 futuri
1397 1412 1737 1498 habeant,
1787 1435 2017 1506 neque
2052 1414 2124 1484 in
2160 1415 2401 1485 Latina
2450 1417 2684 1509 lingua

302 1515 487 1587 ullus
540 1515 966 1599 inveniatur,
1022 1516 1151 1585 nisi
1204 1537 1415 1608 quem
1465 1517 1675 1597 sumit
1724 1517 2147 1610 Madvigius,
2202 1518 2366 1602 sed,
2426 1519 2544 1589 ubi
2595 1541 2681 1591 eo

304 1639 480 1711 opus
535 1619 659 1702 sit,
712 1619 1149 1710 confugiatur
1183 1619 1275 1690 ad
1311 1640 1684 1713 praesenS,
1724 1620 2135 1713 dicaturque
2182 1621 2481 1715 facturus
2527 1622 2676 1692 sim.

299 1721 446 1791 Sed
519 1731 751 1791 tamen
823 1742 1035 1813 quum
1105 1721 1243 1793 hoc
1305 1723 1531 1816 ipsum
1602 1725 1998 1816 exemplum
2070 1725 2426 1797 notionem
2491 1736 2681 1795 certe

301 1833 595 1896 testetur
631 1824 1055 1895 coniunctivi
1090 1826 1336 1910 futuri,
1393 1826 1588 1898 credi
1639 1836 1915 1919 posset,
1955 1828 2165 1900 etiam
2200 1830 2494 1898 formam
2531 1828 2680 1899 eius

302 1928 603 2019 aliquam
639 1928 711 1997 in
747 1930 979 1999 futuro
1032 1939 1286 1999 exacto
1334 1950 1492 2000 esse
1537 1931 1927 2015 inventam,
1966 1931 2026 2001 si
2060 1931 2132 2001 id
2168 1931 2439 2002 idoneis
2477 1953 2682 2024 argu-
2699 1968 2748 2020 p.
2772 1957 2837 2004 46

298 2031 554 2103 mentis
617 2031 1230 2103 demonstraretur.
1342 2033 1516 2103 Nam
1579 2054 1756 2125 quas
1818 2034 2139 2108 notiones
2203 2034 2451 2106 Graeci
2512 2056 2681 2105 con-

300 2135 602 2206 iunctivo
640 2145 712 2205 et
747 2136 1058 2228 optativo
1095 2135 1582 2220 distinxerunt,
1621 2158 1912 2228 quarum
1958 2138 2156 2208 alteri
2191 2159 2333 2208 non
2370 2138 2681 2231 denega—

298 2247 463 2309 runt
515 2239 748 2308 locum
794 2239 862 2308 in
912 2239 1194 2323 futuriS‚
1245 2260 1367 2309 eas
1405 2240 1648 2313 Latina
1695 2240 1931 2332 lingua
1983 2262 2124 2312 uno
2172 2242 2535 2335 complexa
2577 2253 2686 2312 est

299 2341 772 2426 coniunctim,
814 2343 872 2412 is
909 2352 1005 2425 ut,
1035 2351 1380 2433 quatenus
1416 2344 1485 2412 in
1524 2364 1609 2414 eo
1647 2343 1935 2435 optativi
1965 2354 2275 2436 potestas
2304 2353 2433 2429 est,
2463 2345 2683 2415 videri

296 2445 520 2538 possit
557 2467 696 2515 non
735 2466 893 2516 esse
931 2467 972 2515 a
1006 2447 1237 2517 futuro
1285 2445 1570 2519 alienus,
1664 2446 1913 2517 Graeci
1964 2447 2390 2519 coniunctivi
2440 2470 2525 2519 ea
2575 2449 2682 2518 vis

298 2560 432 2633 est,
476 2557 547 2619 ut
583 2558 912 2620 eventum
965 2548 1309 2640 significet
1344 2572 1447 2623 ex.
1473 2571 1724 2621 caussa
1759 2551 1827 2620 in
1866 2550 2032 2644 ipsis
2080 2551 2292 2623 rebus
2344 2551 2476 2621 sita
2520 2574 2686 2645 pro-

298 2652 764 2738 ficiscentem,
820 2653 969 2724 sive
1024 2652 1525 2739 deliberemus,
1585 2663 1659 2726 ut
1709 2652 1786 2724 τί
1839 2654 1950 2745 φῶ
1966 2683 1993 2748 3
2049 2655 2166 2726 vel
2222 2657 2437 2746 ἴωμεν
2457 2706 2482 2744 ,
2542 2656 2685 2727 sive

296 2755 515 2830 finem
550 2756 971 2842 indicemuS,
1010 2767 1085 2828 ut
1124 2764 1240 2827 ἵνα
1272 2759 1585 2854 γένηται,
1628 2758 1771 2828 sive
1809 2758 2281 2840 conditionem
2315 2780 2682 2852 ponamuS,

299 2871 380 2932 ut
412 2859 535 2931 ἐὰν
569 2863 880 2956 γένηται.
974 2861 1099 2930 Hic
1146 2860 1631 2932 conditionalis
1686 2883 1853 2932 usus
1889 2862 2231 2953 quosdam
2265 2862 2336 2930 in
2373 2884 2536 2934 eum
2571 2884 2684 2932 er-

296 2985 530 3035 rorem
568 2962 863 3047 induxit,
905 2972 978 3034 ut
1006 2963 1402 3033 Latinorum
1440 2966 1743 3035 futurum
1782 2975 2109 3034 exactum
2144 2973 2477 3056 putarent
2511 2986 2685 3035 con·—

298 3067 684 3140 iunctivum
734 3087 931 3149 esse,
989 3066 1153 3157 quia
1202 3066 1422 3136 Latini
1477 3066 1599 3138 ἐὰν
1644 3063 1920 3161 ποιήσω
1973 3065 2033 3136 si
2079 3065 2297 3160 fecero
2339 3067 2675 3137 dicerent.

297 3172 391 3240 At
433 3168 652 3263 fecero
706 3177 944 3262 aperte
990 3178 1097 3240 est
1132 3168 1571 3252 indicativuS,
1625 3177 1703 3239 ut
1738 3168 2163 3240 Graecorum
2224 3167 2513 3265 ἑστήξω,
2570 3197 2681 3240 τε-

299 3270 572 3369 θνήξω.
676 3274 796 3344 Est
832 3273 944 3342 ille
982 3281 1215 3343 autem
1251 3293 1338 3342 ex
1373 3274 1683 3365 perfecto
1720 3281 1792 3343 et
1827 3274 2060 3344 futuro
2098 3270 2460 3343 conflatus.
2537 3274 2681 3343 Iam

298 3377 693 3468 Madvigius
743 3376 983 3447 scribit
1016 3399 1082 3469 p.
1118 3374 1237 3448 97.
1279 3386 1391 3447 »ut
1426 3397 1467 3446 a
1500 3375 1662 3470 faxo
1701 3374 1778 3446 fit
1807 3374 2062 3468 fawim,
2100 3396 2142 3445 a
2176 3374 2428 3446 levasso
2464 3374 2679 3447 levas-

298 3481 452 3566 sim,
485 3479 733 3554 eadem
763 3480 1177 3558 coniunctivi
1204 3480 1710 3562 terminatione,
1749 3500 1931 3572 quae
1967 3489 2075 3552 est
2110 3479 2181 3549 in
2214 3477 2343 3550 sim
2378 3489 2450 3551 et
2482 3478 2682 3550 velim

298 3595 372 3656 et
404 3583 606 3668 edim,
646 3584 744 3654 sic
785 3585 873 3655 ab
912 3606 1218 3655 amavero
1255 3582 1333 3653 fit
1368 3582 1749 3656 amaverim.
1825 3584 2017 3669 Eius,
2062 3583 2254 3676 quod
2290 3592 2399 3653 est
2433 3582 2676 3668 amavi,

293 3688 525 3762 nullus
560 3697 669 3758 est
704 3687 985 3758 omnino
1022 3687 1530 3772 coniunctivuS,
1569 3686 1630 3758 si
1667 3686 1759 3757 de
1794 3687 2064 3780 origine
2100 3689 2364 3758 formae
2402 3687 2681 3779 quaeri-

293 3813 486 3874 mus,
536 3791 654 3882 qui
692 3790 970 3861 adiecto
1008 3789 1176 3861 erim
1209 3790 1467 3862 deduci
1507 3791 1693 3864 nullo
1730 3791 1940 3862 modo
1977 3800 2225 3885 potest.
2239 3819 2269 3853 «
2350 3790 2485 3861 Cur
2533 3811 2676 3860 non

292 3895 539 3990 possit,
577 3916 791 3986 quum
827 3895 1008 3966 adeo
1045 3892 1352 3964 debeat?
1433 3894 1610 3964 Nam
1648 3902 1722 3964 ut
1757 3893 1971 3964 Varro
2007 3895 2098 3965 de
2135 3895 2209 3964 L.
2244 3893 2317 3962 L.
2352 3894 2463 3962 IX.
2501 3896 2671 3964 400.

294 4008 620 4082 testatur,
673 3998 937 4089 antiqui
986 4019 1204 4082 eamn,
1250 4019 1358 4081 οε,
1409 4006 1504 4068 est
1554 3996 1916 4081 dicebant,
1968 3997 2159 4089 quod
2197 3994 2275 4065 G.
2309 3997 2354 4065 I.
2387 3996 2675 4069 Vossius

295 4104 365 4173 in
401 4102 479 4171 V.
523 4101 612 4174 de
650 4111 799 4171 arte
835 4101 1284 4193 grammatica
1319 4121 1379 4170 c.
1417 4102 1533 4170 36.
1610 4101 1957 4174 Graecum
1993 4100 2246 4190 ἔσομαι
2292 4119 2452 4170 esse
2504 4121 2679 4171 con-

300 4206 602 4280 iiciebat.
678 4204 901 4280 Hodie
950 4203 1020 4273 id
1057 4205 1316 4274 rectius
1356 4225 1513 4275 cum
1557 4204 1835 4295 linguae
1874 4202 2265 4274 Sanscritae
2297 4202 2491 4288 osmi,
2546 4203 2672 4288 asi,

297 4309 425 4384 asti
462 4317 935 4402 comparatur,
977 4328 1279 4397 quocum
1325 4306 1612 4399 quidem
1659 4307 1869 4378 etiam
1918 4306 2149 4399 ipsum
2191 4305 2367 4376 illud
2421 4306 2675 4396 ἔσομαι

295 4424 672 4508 cognatum
709 4420 837 4484 est.
912 4409 1079 4482 Eius
1117 4411 1343 4484 activa
1382 4413 1602 4482 forma
1639 4410 1773 4481 ἔσω
1814 4431 2029 4500 quum
2067 4408 2490 4501 aliquamdiu
2524 4430 2676 4478 ser-

293 4527 459 4592 vata
497 4517 567 4585 in
603 4516 842 4588 Latina
877 4515 1107 4605 lingua
1143 4523 1355 4598 esset,
1393 4523 1655 4586 mutata
1689 4522 1799 4583 est
1834 4513 1902 4581 in
1938 4534 2071 4582 erc.
2140 4512 2287 4584 Hoc
2324 4513 2528 4605 igitur
2563 4531 2672 4580 eso

293 4620 405 4692 vel
469 4642 582 4689 ero
647 4619 738 4690 ad
802 4618 1186 4712 perfectum
1259 4617 1586 4689 adiuncto
1659 4624 2100 4709 procreatum
2169 4627 2278 4688 est
2343 4635 2670 4697 amaveso,
