3328 5326
607 354 689 412 58
1586 351 1991 415 HESIODUS.

609 545 829 616 ultimi
857 543 999 615 duo
1024 543 1229 615 huius
1256 543 1585 638 strophae
1611 562 1874 628 versuS‚
1904 545 2154 636 quibus
2191 545 2260 614 in
2298 553 2628 614 tartarum
2657 542 2983 614 detrusus

610 657 819 740 atque
871 647 941 715 in
991 647 1261 718 vincula
1311 647 1670 718 coniectus
1722 669 1882 718 esse
1936 648 2272 719 Saturnus
2336 647 2733 718 dicebatur:
2797 667 2984 738 quae

610 752 968 821 Platonem
1051 751 1358 843 aliosque
1437 759 1708 821 veteres
1787 751 1974 845 apud
2037 751 2416 822 Hesiodum
2502 750 2754 843 legisse
2824 758 2988 842 post

607 853 936 925 Wolfium
998 854 1303 925 ostendit
1362 854 1744 947 Mutzellius
1805 877 1872 947 p.
1920 853 2089 926 478.
2174 855 2343 926 Inde
2406 863 2798 945 sequuntur.
2850 852 2986 922 hae

452 988 504 1039 p.
527 957 969 1051 ustrophae:
1015 958 1244 1027 LXXI.
1270 961 1439 1029 504.
1475 961 1903 1029 503-4-506.
1945 959 2202 1028 LXXII.
2231 957 2571 1029 507-54
2596 961 2659 1026 4.
2693 956 2983 1027 LXXIII.

613 1065 695 1132 54
718 1063 782 1131 3.
821 1062 989 1132 542.
1039 1060 1133 1152 (in
1170 1084 1309 1153 quo
1345 1060 1793 1132 scribendum
1830 1061 1873 1157 ἢ
1912 1084 2039 1155 pro
2078 1060 2194 1156 ὃς)
2217 1065 2300 1132 54
2324 1060 2648 1131 4-546,
2689 1059 2982 1130 LXXIV.

613 1167 694 1236 54
717 1163 760 1234 7
770 1165 1039 1236 -520
1083 1175 1244 1259 post
1291 1186 1500 1257 quem
1545 1164 1806 1235 excidit
1855 1187 2129 1250 versuS‚
2170 1165 2288 1257 qui
2323 1165 2455 1235 nisi
2489 1164 2737 1234 eadem
2772 1163 2987 1234 verba

608 1288 786 1360 quae
823 1292 880 1337 v.
918 1265 1087 1338 534.

816 1370 1030 1440 οὕνεκ’
1071 1369 1337 1466 ἐρίζετο
1371 1369 1629 1462 βουλὰς
1663 1371 2043 1465 υπερμενέι
2068 1369 2454 1465 Κρονίωνι,
2499 1446 2504 1453 ,

609 1485 800 1544 certe
876 1473 1195 1544 eamdem
1278 1473 1695 1545 sententiam
1774 1473 2096 1545 habebat.
2189 1474 2450 1543 LXXV.
2526 1475 2659 1546 524
2694 1473 2986 1566 -525.

609 1578 898 1647 LXXVI.
935 1579 1104 1649 526.
1140 1577 1312 1649 527.
1349 1578 1777 1650 529-534,
1820 1577 2137 1647 LXXVII.
2182 1576 2609 1649 532-537.
2686 1576 2857 1645 Nam
2896 1598 2995 1644 ex

609 1681 814 1752 huius
851 1680 1042 1751 initio
1080 1679 1365 1751 tollendi
1403 1689 1564 1750 sunt
1600 1681 1741 1751 duo
1782 1680 2120 1751 dimidiati
2145 1701 2408 1764 versuS,
2449 1680 2568 1772 qui
2604 1680 2994 1750 orationem
3041 1713 3045 1717 ⁴

608 1785 874 1854 vitiant:
916 1783 1363 1855 scribendum
1399 1793 1541 1853 est:

816 1889 1012 1958 ταῦτ’
1057 1887 1196 1980 ἄρα
1234 1884 1572 1978 ἁζόμενος
1606 1884 1854 1982 παύθη
1893 1883 2105 1974 χόλου
2143 1886 2226 1956 ὃν
2261 1886 2429 1981 πρὶν
2467 1885 2755 1975 ἔχεσκεν.

609 1991 954 2060 LXXVIII.
992 1992 1237 2060 538-—
1249 1989 1418 2060 544.
1455 1998 1613 2082 post
1639 2011 1848 2081 quem
1878 1989 2227 2059 excidisse
2254 1989 2523 2060 videtur
2557 1989 2673 2059 hic
2708 2011 2990 2059 versus:

811 2092 1312 2187 Ἰαπεὴονίὸης
1346 2090 1635 2162 πάντων
1670 2095 1829 2187 πέρι
1862 2091 2086 2188 μήδεα
2123 2090 2339 2170 ειὸως.

607 2197 903 2267 LXXIX.
948 2195 1115 2268 542.
1157 2194 1587 2268 544-547,
1647 2196 2133 2266 Removendus
2171 2197 2355 2266 enim
2389 2217 2629 2267 versus
2662 2152 2837 2267 543.
2880 2197 2995 2265 vel

606 2310 893 2393 propter
944 2299 1289 2369 insolitam
1337 2299 1874 2414 appellationem
1911 2297 2198 2368 πάντων
2236 2298 2589 2394 ἀριδείκετ’
2632 2297 2990 2386 ἀνάκτων,

607 2425 816 2495 quem
845 2402 1134 2471 inseruit
1161 2403 1631 2493 interpolator,
1677 2402 1840 2492 quia
1876 2402 2154 2471 nomine
2191 2402 2749 2495 compellandum
2785 2413 2996 2496 puta—

609 2507 731 2575 bat
767 2505 1275 2575 Prometheum.
1362 2503 1436 2574 Id
1487 2504 1650 2574 fecit
1689 2505 1896 2573 etiam
1931 2527 1988 2573 v.
2027 2507 2195 2575 559.
2253 2506 2519 2576 LXXX.
2557 2505 2990 2579 548-552.

612 2608 827 2679 Huius
879 2607 1215 2700 strophae
1259 2606 1439 2679 duos
1487 2607 1764 2678 ultimos
1813 2629 2089 2693 versuS‚
2129 2618 2205 2679 ut
2241 2631 2333 2679 ex
2365 2610 2547 2681 male
2598 2610 2994 2704 composito

611 2735 811 2783 versu
847 2711 1014 2783 554.
1050 2711 1517 2803 cognoscitur,
1553 2712 1625 2780 in
1663 2712 1794 2782 alia
1832 2713 2242 2783 recensione
2280 2715 2379 2784 sic
2418 2715 2710 2807 scriptos
2748 2715 2993 2799 fuisse,

817 2816 958 2905 γνῶ
996 2817 1063 2911 ῤ
1106 2816 1258 2885 οὐδ’
1298 2813 1646 2911 ἠγνοίησε,
1685 2813 1889 2905 χόλος
1923 2817 2002 2886 δέ
2028 2842 2155 2907 μιν
2193 2824 2378 2887 ἵκετο
2411 2816 2685 2909 θυμόν,

819 2919 910 2996 ὠς
950 2919 1090 2989 ἴδεν
1127 2920 1338 2988 ὀστέα
1373 2917 1575 2989 λευκὰ
1611 2918 1780 3010 βοὸς
1818 2918 2010 3012 δολίῃ
2048 2918 2161 2989 ἐπὶ
2196 2922 2430 3014 τέχνῃ,

610 3022 745 3091 iam
786 3021 853 3090 in
893 3031 1189 3091 censura
1227 3022 1471 3115 prioris
1501 3021 1897 3115 Goettlingii
1935 3022 2254 3092 editionis
2293 3023 2606 3093 indicavi.
2668 3024 2994 3116 Sequun-

609 3138 719 3195 tur
772 3135 912 3195 tres
962 3147 1200 3196 versus
1254 3126 1342 3195 ab
1390 3126 1883 3218 interpolatore
1935 3126 2206 3196 adiecti.
2317 3127 2485 3197 Inde
2538 3128 2825 3220 stropha
2882 3139 2999 3198 est

609 3229 904 3298 LXXXI
963 3231 1133 3299 558.
1189 3232 1357 3299 560.
1425 3228 1855 3302 562-564,
1934 3229 2256 3299 LXXXII.
2319 3231 2747 3301 565-567.
2808 3234 2988 3301 569.

613 3331 783 3401 570
892 3331 1188 3401 Omnino
1237 3342 1468 3403 autem
1520 3332 1968 3403 scribendum
2016 3358 2074 3401 v.
2112 3333 2281 3403 567.
2325 3331 2528 3404 δάκεν
2577 3336 2672 3405 δέ
2687 3340 2720 3404 ἑ
2753 3333 2999 3405 νειόθι

606 3431 870 3524 θνυμόν.
944 3435 1294 3504 LXXXIII.
1350 3434 1444 3505 57
1456 3436 1702 3506 4--57
1712 3440 1776 3507 5.
1871 3436 2131 3506 Horum
2183 3436 2253 3505 in
2304 3437 2542 3509 ultimo
2589 3459 2793 3508 versu
2843 3460 2993 3508 non

607 3535 950 3622 Minerva,
998 3538 1127 3607 sed
1177 3538 1496 3608 Pandora
1546 3549 1687 3624 est,
1740 3540 1830 3609 de
1881 3560 2019 3631 qua
2067 3539 2317 3610 dicitur
2363 3542 2765 3630 κατέσχεθε.
2853 3541 2993 3612 Pro

609 3641 976 3734 postremis
1005 3641 1225 3712 tribus
1252 3642 1563 3712 versibus
1594 3642 1728 3712 alia
1764 3643 2083 3712 recensio
2120 3642 2361 3714 habuit
2396 3643 2527 3714 hos
2564 3644 2765 3729 duos,
2808 3645 2984 3715 576.

609 3743 778 3814 577.
822 3743 953 3814 niSi
1006 3745 1087 3814 iis
1143 3744 1388 3836 aliquis
1446 3746 1689 3816 tertius
1746 3746 2061 3816 accessit.
2136 3748 2489 3816 LXXXIV.
2550 3748 2985 3822 578-582,

606 3847 795 3916 Haec
833 3848 1119 3941 stropha
1155 3848 1225 3916 in
1262 3847 1397 3918 alia
1434 3852 1845 3919 recensione
1883 3848 2013 3919 hos
2049 3849 2325 3921 videtur
2349 3872 2589 3921 versus
2616 3850 2990 3923 habuisse:

610 3950 777 4019 578.
825 3950 1252 4022 584--584.
1295 3974 1588 4042 quorum
1638 3953 1708 4021 in
1759 3952 1997 4022 ultimo
2048 3975 2234 4023 nunc
2272 3965 2462 4026 recte
2498 3953 2760 4025 editum
2797 3964 2991 4026 θαυ-

604 4050 850 4143 μάσια.
902 4056 1226 4125 LXXXV.
1252 4058 1681 4126 585-589,
1741 4056 1936 4125 Initio
1972 4055 2175 4128 huius
2213 4058 2543 4150 strophae
2581 4060 2992 4131 necessario

606 4155 1051 4227 scribendum
1090 4158 1316 4253 αὐτὰρ
1355 4158 1501 4229 ἐπεὶ
1534 4158 1773 4239 τεῦξεν
1809 4159 2020 4230 καλὸν
2056 4158 2291 4231 κακόν.
2366 4162 2543 4232 Nam
2587 4161 2777 4254 quod
2812 4164 2990 4233 mihi

606 4258 1060 4352 Goettlingius
1097 4261 1325 4358 ἐπειδὴ
1366 4260 1560 4342 τεῦξε
1597 4261 1810 4331 καλὸν
1844 4260 2054 4333 κακόν
2091 4263 2482 4335 defendens
2519 4266 2866 4359 opposuit,
2908 4268 2986 4337 in

607 4362 912 4432 carmine
961 4362 1312 4434 didactico
1380 4364 1744 4435 ferendum
1791 4364 2005 4435 videri
2074 4377 2472 4461 corrept-um
2523 4367 2781 4485 καλᾴν,
2838 4392 2991 4441 non

605 4465 1046 4535 concedam
1029 4489 1099 4536 m
1137 4467 1441 4538 carmine
1480 4467 1763 4559 antiquo
1807 4478 2089 4563 propter
2126 4471 2405 4542 unicum
2445 4472 2668 4543 illud
2650 4496 2717 4541 m
2753 4498 2811 4542 v.
2856 4478 2982 4546 63.

604 4568 907 4661 Operum
956 4569 1384 4662 exemplum,
1424 4571 1615 4662 quod
1663 4593 1804 4641 non
1855 4573 2137 4644 dubium
2194 4583 2300 4644 est
2355 4577 2521 4668 quin
2559 4596 2599 4644 a
2634 4577 2872 4669 pronis
2913 4580 2988 4649 in
