3328 5326
696 378 820 439 322
1629 374 2136 436 THEOCRITUS.

692 568 1078 662 posuisset,
1151 568 1417 661 recepit
1482 567 1554 638 id
1609 567 2029 650 MeinekiuS,
2098 565 2362 659 duplex
2419 593 2489 636 κε
2543 565 2876 651 Maximo,
2926 586 3049 636 non

694 671 1061 741 Theocrito
1100 670 1641 742 condonandum
1680 680 1902 753 ratuS,
1944 669 2382 761 afferensque
2420 668 2762 740 firmando
2796 670 2923 761 με’-ν
2954 696 3046 756 τε,

694 775 885 868 quod
927 774 1182 868 passim
1220 784 1562 859 occur,rat
1605 774 1947 844 Theocriti
1988 795 2266 845 versum
2304 773 2536 842 XXVI.
2577 776 2694 843 45.

849 877 1145 970 μαίνετο
1180 880 1312 969 μέν
1346 881 1403 948 τ’
1444 876 1659 965 αὐτά,
1701 876 2053 969 μαίνοντο
2091 878 2155 946 δ’
2198 877 2301 971 ἄρ’
2333 877 2513 949 εὐθὺ
2540 876 2654 947 καὶ
2685 876 2909 947 ἄλλαι.

696 983 777 1053 Ei
816 982 1143 1075 exemplo
1182 1003 1314 1075 ego
1354 982 1637 1110 quidem
1678 982 1840 1050 nihil
1882 981 2204 1065 tribuam,
2232 981 2361 1072 qui
2402 980 2492 1051 ibi
2530 978 2812 1073 quidem
2850 978 3062 1049 Theo*

696 1086 944 1157 critum
979 1083 1279 1177 μαίνετο
1313 1086 1445 1176 μὲν
1482 1085 1711 1155 καύτοὶ
1746 1085 2108 1178 scripsisse
2146 1085 2453 1155 credam.
2532 1084 2704 1154 Nam
2740 1083 2910 1155 illud
2943 1083 3062 1175 μέν

695 1217 773 1260 τε
808 1189 1293 1260 communibus
1341 1189 1704 1259 sententiis
1753 1198 1822 1258 et
1877 1189 2511 1282 comparationibus
2550 1187 2903 1281 proprium
2940 1196 3058 1269 est,

700 1301 772 1364 ut
806 1314 946 1385 quo
984 1292 1073 1363 ad
1111 1294 1453 1364 incertum
1491 1295 1752 1365 factum
1786 1292 2230 1385 respiciatur,
2271 1301 2346 1363 ut
2380 1302 2620 1363 nostro
2657 1291 2728 1361 in
2766 1290 3062 1361 carmine

697 1420 763 1466 v.
799 1398 919 1470 92.
953 1417 1133 1489 quae
1172 1397 1277 1466 vis
1315 1396 1497 1466 inest
1533 1396 1746 1466 etiam
1785 1397 1854 1465 in
1893 1396 2027 1466 hoc
2067 1417 2130 1465 v.
2183 1398 2349 1466 138.

849 1500 994 1570 τῶν
1028 1500 1161 1591 μέν
1195 1528 1272 1569 τε
1306 1500 1739 1594 προφέρεσκε
1771 1498 1985 1595 βίηφί
2015 1527 2093 1570 τε
2127 1500 2246 1569 καὶ
2284 1499 2528 1570 σθένεϊ
2556 1494 2612 1590 ᾦ

850 1604 959 1699 ἠδ’
1001 1600 1385 1697 ὑπεροπλίῃ
1433 1605 1744 1674 Φαέθων
1778 1604 2021 1695 μέγας.

697 1708 785 1778 Et
819 1706 954 1776 hac
990 1707 1273 1798 quidem
1312 1707 1403 1777 de
1438 1727 1688 1778 caussa
1725 1707 1937 1777 etiam
1975 1706 2106 1779 hoc
2145 1705 2235 1777 de
2271 1727 2411 1798 quo
2448 1705 2885 1799 disputamus
2923 1704 3066 1774 loco

698 1807 755 1904 ᾧ
807 1837 881 1879 κε
927 1809 1014 1880 τὸ
1048 1811 1180 1902 μέν
1229 1812 1286 1879 τ’
1341 1812 1611 1901 εἴποιμι
1661 1811 1872 1881 scribi
1926 1818 2189 1903 potest,
2242 1831 2455 1902 quum
2494 1809 2903 1903 praesertim
2939 1807 3070 1878 duo

698 1912 985 1984 codices
1036 1914 1167 2005 μέν
1211 1916 1263 2003 γ’
1306 1913 1586 1984 habent.
1674 1912 1998 1984 Attamen
2050 1910 2105 2005 ᾦ
2141 1940 2214 1983 κε
2248 1913 2335 1982 τὸ
2368 1913 2500 2005 μέν
2537 1915 2588 1982 κ’
2630 1915 2902 2003 εἴποιμι
2938 1932 3069 1982 non

696 2018 948 2088 falsum
987 2026 1096 2087 est
1130 2039 1263 2088 nec
1293 2018 1597 2088 Maximo
1633 2020 1853 2110 magis
1881 2038 2090 2109 quam
2119 2017 2487 2087 Theocrito
2524 2017 2835 2111 dignum,
2869 2014 3069 2108 siqui-

698 2120 862 2192 dem
901 2121 995 2191 ita
1031 2123 1169 2192 iam
1209 2121 1549 2193 Homerus
1587 2123 1915 2214 loquutus
1953 2130 2061 2192 est
2097 2120 2344 2213 Odyss.
2379 2120 2483 2189 IV.
2521 2120 2692 2192 733.

851 2225 955 2316 τῷ
991 2251 1064 2294 κε
1097 2221 1255 2315 μάλ’
1296 2225 1341 2321 ἤ
1379 2251 1491 2295 κεν
1528 2224 1756 2316 ἔμεινε
1790 2225 1907 2294 καὶ
1945 2220 2329 2315 ἐσσύμενός
2364 2248 2490 2318 περ
2528 2225 2755 2313 ὁδοῖο,

852 2327 899 2423 ἦ
933 2328 1015 2398 κέ
1039 2355 1130 2419 με
1162 2335 1596 2421 τεθνηκυῖαν
1631 2329 1734 2399 ἐνὶ
1771 2326 2190 2423 μεγάροισιν
2226 2327 2511 2399 ἔλειπεν.

904 2430 983 2500 V.
1019 2434 1138 2502 50.
1171 2431 1360 2501 haud
1401 2432 1605 2502 facile
1643 2431 1930 2501 credam
1967 2441 2244 2525 poetam
2282 2432 2679 2524 scripsisse:
2718 2465 2725 2473 ¹

854 2533 1065 2604 ἄλλου
1102 2536 1165 2603 δ’
1210 2533 1419 2605 ἄλλον
1456 2535 1668 2629 ἔθηκε
1700 2534 1871 2612 θεὸς
1906 2536 2223 2605 ἐπιδευέα
2261 2534 2542 2628 φωτῶν.

699 2637 772 2705 Ιῐι
814 2635 1134 2730 Calliergi
1173 2636 1480 2708 editione
1520 2637 1835 2710 additum
1866 2638 2215 2711 fulciendo
2243 2638 2478 2709 versui
2506 2640 2590 2729 γ’,
2627 2638 2798 2711 utin
2830 2638 3072 2709 eadem

699 2739 1009 2811 editione
1046 2742 1254 2810 etiam
1302 2743 1525 2814 versui
1566 2743 1684 2812 69.
1774 2742 1963 2813 Unus
2014 2743 2246 2814 codex
2296 2743 2617 2837 θνητῶν.
2710 2743 3074 2837 Scripsisse

699 2855 981 2938 poetam
1019 2855 1226 2937 puto:

856 2946 1069 3018 ἄλλου
1105 2949 1165 3018 δ’
1207 2947 1418 3019 ἄλλον
1454 2948 1662 3044 ἔθηκε
1695 2950 1975 3044 βροτῶν
2010 2950 2326 3021 ἐπιδευέα
2363 2947 2664 3040 δαίμων.

699 3052 774 3120 In
813 3052 1211 3123 huiusmodi
1248 3053 1421 3123 locis
1459 3052 1735 3147 ineptus
1774 3064 1982 3138 esset,
2014 3055 2132 3145 qui
2164 3053 2540 3125 litterarum
2569 3051 3077 3124 similitudinem

698 3157 998 3249 spectari
1039 3157 1267 3226 vellet.
1343 3156 1667 3228 Scribunt
1704 3158 1866 3229 talia
1903 3157 2159 3228 librarii
2196 3158 2620 3242 memoriter,
2662 3156 3070 3228 sententiam

701 3260 921 3330 solam
959 3261 1028 3329 in
1065 3270 1300 3330 mente
1335 3259 1700 3331 habentes,

699 3359 705 3368 '
908 3362 983 3430 V.
1022 3365 1140 3432 56.
1178 3384 1316 3432 non
1353 3373 1461 3433 est
1496 3364 1678 3435 iusta
1718 3362 2156 3456 vituperandi
2195 3384 2445 3434 caussa
2481 3365 2551 3434 in
2592 3362 2737 3435 his:

859 3461 988 3535 ὦδε
1022 3466 1155 3558 γὰρ
1191 3463 1532 3561 Αὐγείης,
1574 3468 1730 3543 υἱὸς
1767 3464 1972 3557 φίλος
2003 3463 2343 3549 Ἠελίοιο,

858 3570 1223 3664 σφωϊτέρῳ
1265 3570 1393 3638 σὺν
1429 3571 1659 3657 παιδί,
1701 3568 1818 3660 βίῃ
1865 3569 2143 3664 Φυλῆος
2179 3570 2478 3660 ἀγαυοῦ,

852 3669 1100 3762 χθιζός
1133 3673 1186 3762 γ’
1226 3669 1636 3769 εἰλήλουθεν
1674 3673 1782 3742 ἀπ’
1826 3670 2102 3748 ἄστεος.

703 3777 873 3847 Nam
911 3777 1044 3847 isto
1080 3777 1161 3866 γε’
1189 3776 1640 3870 significatur,
1681 3775 1869 3867 quod
1899 3776 2140 3846 Latine
2171 3778 2415 3847 fortius
2445 3776 2641 3848 dicas
2671 3774 3073 3847 commodum

700 3882 808 3950 vel
848 3880 992 3974 ipso
1030 3878 1329 3951 hesterno
1368 3880 1494 3951 die.
1579 3881 2018 3971 Quamquam
2069 3902 2212 3950 non
2258 3889 2423 3973 puto
2475 3880 2656 3950 hanc
2711 3881 3072 3973 genuinam

701 3983 1112 4075 scripturam
1166 4005 1358 4064 esse,
1415 3983 1542 4053 sed
1592 3984 1803 4077 plena
1856 3993 2012 4076 post
2049 3985 2318 4074 ἀγαυοῦ
2363 3985 2921 4076 interpunctione
2957 4002 3071 4075 po·-

702 4087 852 4168 sita,
893 4087 1139 4173 χθιζὸς
1174 4088 1239 4155 δ’
1280 4084 1714 4182 εἰλήλουθεν.
1775 4087 1880 4156 Eo
1910 4089 2140 4158 refero
2177 4089 2380 4158 trium
2421 4086 2749 4158 codicum
2789 4074 3069 4180 scriptu-

701 4209 846 4258 ram
885 4190 1129 4275 χθιζὸς
1166 4189 1272 4259 ὅδ’
1316 4188 1753 4306 εἰλήλουθεν,
1788 4210 1996 4282 quam
2032 4191 2286 4261 vellem
2322 4212 2461 4260 non
2499 4193 2883 4285 recepisset
2913 4187 3067 4259 Mei-

700 4290 968 4362 nekius
1030 4291 1181 4362 Non
1220 4293 1404 4362 enim
1446 4293 1632 4362 hoc
1614 4315 1686 4362 m
1724 4293 1901 4377 loco,
1942 4296 2011 4365 in
2049 4316 2188 4387 quo
2226 4294 2400 4364 haec
2440 4295 2744 4387 loquitur
2779 4291 3065 4387 agricola

702 4397 857 4480 iste,
896 4414 1233 4487 praesens
1271 4405 1381 4465 est
1416 4394 1697 4494 Augias.

908 4497 985 4568 V.
1024 4498 1143 4569 62.
1203 4498 1611 4570 Rectissime
1647 4501 2014 4594 legebatur
2055 4497 2196 4592 νόῳ
2235 4502 2303 4571 δ’
2347 4499 2460 4590 ὅγε
2493 4500 2720 4572 πολλὰ
2752 4497 3056 4593 μενοίνα,

703 4623 834 4672 nec
888 4601 1197 4673 debebat
1247 4601 1629 4675 Meinekius
1683 4602 1831 4697 νόῳ
1860 4608 1938 4677 δέ
1968 4633 2044 4676 τε
2080 4605 2419 4690 scribere,
2459 4605 2651 4698 quod
2691 4603 2965 4676 codices
2998 4595 3067 4669 δέ
