3328 5326
592 301 672 362 56
1569 301 1980 364 Hssslomiffi

592 501 955 562 remanent
1024 492 1206 563 duae
1275 491 1587 585 integrae
1670 493 2030 587 ἄνθρωποι
2120 493 2417 567 XXXVI.
2495 493 2966 565 seb-⁹2³9.-

593 595 920 665 XXXVII.
977 597 1404 667 304—305.
1454 605 1526 666 et
1575 597 1879 689 quinque
1923 597 2130 683 ahiae,
2177 594 2963 690 apertissimisvitiatae

591 697 1271 791 interpolationibus:
1313 700 1670 769 XXXV-III.
1707 703 1882 773 366.
1914 702 2249 796 &stam-3⁴
2274 703 2337 769 4«.
2367 699 2676 768 xxxm.
2714 701 2793 768 34
2817 700 2972 768 3σ--ι

599 804 680 873 34
702 801 768 872 7.
791 803 898 872 vel
920 804 999 871 34
1024 805 1206 871 3-4
1230 805 1294 872 6.
1323 805 1401 874 34
1425 806 1491 873 8.
1524 804 1662 872 XL.
1688 807 1767 873 34
1789 804 2114 876 9-322,
2145 805 2315 876 325.
2337 803 2506 872 XLI.
2533 803 2969 874 3526.÷-*330.

439 934 489 984 p.
513 906 791 976 wXLII.
823 907 1260 976 333—336:
1304 906 1435 976 sed
1464 907 1533 976 in
1563 907 1720 990 hac,
1754 907 1989 978 utiam
2013 906 2466 991 oiim-monui,
2495 914 2657 976 ante
2693 929 2760 983 v,
2792 907 2968 975 335.

595 1008 1027 1102 &ammius-
1054 1019 1163 1081 est
1198 1030 1275 1078 re
1313 1009 1463 1102 ipsa
1496 1009 1891 1102 postulante
1928 1030 2176 1081 versus
2212 1008 2309 1082 27
2318 1013 2386 1080 6.

800 1113 1089 1205 ἐσχατιῇ
1126 1110 1301 1207 πρὸς
1332 1110 1633 1200 νυκτός,
1661 1113 1742 1182 ἵν’
1779 1111 2180 1207 Ἑσπερίδες
2212 1109 2620 1204 λιγύφωνοι.

541 1244 547 1253 ·
596 1214 893 1308 Str-opha
906 1215 1130 1284 XLIII.
1155 1215 1436 1285 nomina
1462 1215 1830 1285 continens
1856 1215 2214 1286 fluviorum
2241 1216 2331 1286 ab
2361 1214 2995 1308 interpolatoribus.

596 1319 707 1390 ad·
736 1338 987 1390 novem
1030 1340 1269 1390 versus
1315 1318 1657 1411 pnoducta
1703 1328 1849 1402 est,
1913 1341 2206 1411 qznorum
2269 1319 2401 1389 etsi
2461 1319 2580 1410 qui
2633 1326 2978 1410 quattuor

596 1421 881 1494 tollendi
915 1421 1057 1492 sint
1089 1421 1431 1493 incertum
1483 1434 1625 1507 est,
1680 1422 1903 1493 Nilum
1959 1432 2151 1492 certe
2190 1423 2278 1493 ah
2316 1420 2979 1508 Hesiodo-comme-

596 1535 955 1597 moratum,
989 1547 1145 1595 esse
1190 1520 1469 1596 scimus.
1540 1525 1765 1595 XLIV..
1810 1524 2238 1597 346—350.
2293 1525 2490 1594 XLV.
2536 1526 2972 1595 354—355.

595 1629 819 1699 XLVI.
867 1630 1255 1700 356-364
1277 1682 1295 1712 ,
1333 1628 1775 1700 redundante
1812 1650 1951 1700 uno
1986 1651 2221 1700 versu:
2261 1628 2388 1698 sed
2426 1628 2546 1719 qui
2580 1648 2823 1698 versus
2861 1649 2982 1697 re-

596 1732 976 1803 movendus
1052 1733 1142 1802 sit
1203 1754 1296 1802 ex
1356 1733 1472 1802 illa
1543 1733 2067 1804 enumeratione
2142 1731 2572 1802 Oceanidum
2596 1784 2613 1815 ,
2680 1752 2984 1822 quam-m

596 1836 878 1906 nomina
941 1834 1351 1906 exhibentur
1412 1858 1623 1907 unum
1686 1846 1758 1907 et
1812 1837 2307 1929 quadraginta,
2375 1844 2568 1905 certo
2630 1833 2771 1904 dici
2834 1856 2982 1903 non

595 1949 843 2032 potest..
895 1939 1147 2009 XLVII.
1193 1940 1621 2015 362-5366.
1678 1940 1957 2013 XLVIII.
2002 1938 2429 2011 367—370.
2486 1937 2599 2008 oui
2645 1937 2982 2031 strophae

598 2042 843 2113 tentius
876 2064 1112 2114 ver-sus
1148 2043 1373 2127 deest,
1412 2065 1621 2134 quem
1656 2043 1768 2113 vix
1807 2043 2107 2115 dubitari
2141 2051 2373 2137 potest
2409 2042 2594 2112 hunc
2631 2041 2870 2126 fuisse,

795 2145 1107 2238 Ὠκεανῷ
1143 2152 1484 2238 μιχθεῖσα
1522 2144 1643 2216 διὰ
1674 2149 1978 2240 χρυσέην
2005 2145 2470 2242 Ἀφροδίτην,

597 2249 953 2333 deletum,
1001 2249 1192 2342 quod
1251 2249 1762 2341 praecessisset·
1816 2250 1993 2325 υἱέες
2048 2248 2408 2321 Ὠκεανοῦ.
2502 2247 2734 2316 XLIX.
2798 2245 2974 2317 374.

599 2351 1027 2424 374-η-377.
1087 2352 1262 2420 Nam
1294 2372 1533 2421 versus
1575 2350 1743 2424 372.
1792 2351 1962 2421 373.
2000 2350 2240 2421 inserti
2276 2361 2437 2422 sunt
2471 2351 2564 2420 ab
2593 2350 2986 2443 interpota-

536 2535 541 2539 ,
600 2466 786 2539 tore,
825 2453 987 2546 quia
1024 2453 1474 2523 indicandum
1508 2454 1893 2539 videbatur,
1932 2473 2111 2545 quae
2137 2452 2473 2538 Aurorae,
2509 2454 2709 2526 cuius
2745 2455 2990 2546 pauflo

598 2567 758 2651 post
806 2557 1066 2626 mentio
1117 2555 1231 2640 fit,
1286 2557 1489 2627 fuerit
1533 2557 1751 2649 origo.
1828 2558 1932 2627 At
1980 2557 2096 2626 issa
2143 2578 2234 2627 ne
2282 2559 2452 2629 satis
2485 2567 2662 2650 apte
2692 2556 2985 2648 quidem

599 2661 739 2733 dici
773 2660 998 2754 potuit
1033 2658 1168 2730 filia
1209 2659 1442 2745 Thiae,
1481 2682 1661 2753 quae
1699 2681 1740 2730 a
1776 2659 2416 2740 currendo-nomen
2464 2660 2750 2731 hahens.
2782 2672 2988 2733 reme

598 2775 820 2835 mater
857 2763 1019 2835 data
1059 2774 1166 2834 est
1200 2765 1719 2857 permeantibus
1757 2765 2027 2836 caelum
2066 2765 2206 2834 Soli
2243 2775 2314 2835 et
2339 2766 2572 2836 Lunae
2609 2766 2682 2834 L.
2720 2763 2817 2835 37
2824 2767 2983 2834 8-

601 2870 771 2941 382.
813 2868 912 2937 LI.
960 2870 1400 2939 383—385:
1456 2868 1586 2937 sed
1639 2869 1712 2936 in
1761 2867 1893 2939 hac
1944 2868 2185 2938 tertius
2220 2889 2460 2939 versus
2496 2877 2739 2938 contra
2776 2889 2986 2939 usum

597 2972 961 3066 epicorum
1005 2994 1132 3065 per
1173 2970 1291 3041 καὶ
1340 2971 1615 3043 iunctus
1661 2981 1769 3042 est
1817 2971 2308 3065 superioribus.
2385 2971 2552 3041 Non
2591 2981 2701 3042 est
2743 2981 2988 3042 autem

596 3076 669 3146 in
706 3076 839 3146 hac
877 3076 1129 3167 copula
1166 3075 1421 3159 vitium,
1460 3074 1588 3145 sed
1625 3074 1695 3144 in
1730 3076 1953 3167 primo
1991 3096 2215 3168 versu,
2255 3075 2325 3143 in
2360 3097 2500 3166 quo
2527 3074 2987 3145 scribendum

601 3178 803 3260 Στὺξ
831 3180 893 3248 δ’
925 3174 1075 3248 αὖτ’
1103 3178 1443 3248 Ὠκεανοῦ
1469 3175 1822 3273 θυγάτηρ.
1883 3179 2036 3248 Duo
2065 3178 2395 3270 postremi
2421 3175 2989 3270 huiusstrophae

596 3302 841 3352 versus
872 3279 1192 3351 videntur
1227 3302 1368 3350 non
1404 3279 1500 3349 illi
1537 3302 1729 3365 esse,
1777 3282 1895 3372 qui
1944 3280 2243 3372 proximi
2291 3283 2653 3373 leguntur,
2708 3279 2988 3351 sedvel

598 3382 948 3453 excidisse
984 3384 1092 3452 vel
1127 3384 1215 3452 ab
1260 3384 1490 3474 aliquo
1539 3383 1990 3456 emendatore
2041 3382 2254 3453 deleti
2307 3405 2486 3456 esse.
2563 3384 2738 3462 Nam
2785 3393 2988 3453 recte

596 3486 933 3577 deinceps
971 3485 1301 3577 strophae
1339 3486 1764 3577 procedunt,
1805 3486 1932 3555 LII.
1971 3488 2141 3556 386.
2186 3487 2358 3558 387.
2402 3489 2833 3557 asam-334.
2874 3488 2989 3557 vel

598 3592 770 3659 386.
810 3590 1239 3660 388-394,
1305 3588 1381 3656 In
1419 3589 1552 3657 alia
1588 3589 2001 3659 recensione
2038 3611 2165 3681 pro
2201 3615 2258 3662 v.
2292 3589 2460 3661 387.
2494 3591 2792 3683 scriptus
2829 3600 2990 3659 erat

599 3695 770 3763 388.
814 3691 883 3761 in
927 3692 1266 3785 principio
1315 3691 1641 3785 strophae
1695 3702 1925 3764 autem
1961 3692 2107 3761 τῶν
2142 3694 2207 3761 δ’
2249 3695 2375 3763 οὐκ
2411 3693 2550 3763 ἔστ’
2588 3689 2980 3772 ἀπάνευθε,

599 3805 675 3866 ut
711 3805 817 3866 est
853 3796 923 3866 in
961 3794 1117 3866 cod.
1153 3795 1329 3864 Flor.
1359 3794 1432 3863 Β.
1468 3797 1821 3889 scriptum.
1866 3795 2023 3865 LIII.
2061 3797 2487 3869 392--396
2531 3795 2687 3864 LIV.
2721 3793 2988 3865 397——

605 3896 774 3968 404.
834 3898 1153 3969 Ceterum
1207 3923 1265 3966 v.
1304 3900 1472 3968 387.
1513 3895 1942 3994 ἡγεμονεύῃ,
1996 3924 2055 3968 v.
2092 3899 2261 3971 392.
2302 3897 2659 3993 μάχηται,
2704 3923 2763 3968 v.
2802 3898 2983 3968 394.

601 4000 685 4070 τὸ
723 3999 948 4095 πάρος
983 4028 1110 4096 περ
1147 4006 1222 4072 ἐν
1256 3998 1696 4072 ἀθανάτοισι
1731 4001 2177 4072 scribendum
2215 4022 2374 4071 esse
2410 4000 2582 4071 alibi.
2609 4000 2789 4083 dixi,
2830 4023 2992 4071 mov

601 4112 859 4195 netque
896 4125 1009 4174 res
1047 4105 1215 4196 ipsa.
1291 4103 1548 4174 Versus
1590 4102 1758 4177 4-02.
1806 4104 1973 4174 403.
2017 4104 2565 4174 additamentum
2604 4103 2988 4195 interpola-
3053 4143 3056 4146 ·

466 4281 471 4290 ,
602 4206 770 4277 toris
800 4226 961 4275 esse
988 4207 1188 4275 facile
1217 4207 1434 4298 quivis
1461 4207 1708 4276 videat.
1745 4208 1876 4276 LV.
1905 4206 1995 4278 40
2009 4205 2329 4276 4-408,
2362 4206 2520 4274 LVI.
2548 4203 2887 4276 409—-44
2913 4210 2984 4277 3.

601 4310 728 4379 Hic
764 4330 927 4378 vero
969 4330 1259 4401 magnae
1289 4309 1532 4380 turbae
1562 4321 1741 4379 sunt.
1801 4309 2362 4401 QuumHeynius
2399 4310 2466 4376 in
2505 4309 2622 4379 his.
2648 4309 2992 4400 hymnum

604 4414 910 4483 Hecatae
947 4412 1077 4482 sibi
1113 4412 1296 4482 visus
1334 4421 1528 4482 esset
1559 4412 2111 4505 deprehendere,
2152 4412 2288 4494 alii,
2328 4411 2517 4503 quod
2556 4412 2989 4499 facillimum,

602 4516 873 4606 assensi
935 4524 1131 4598 sunt,
1196 4514 1711 4585 inconsiderate
1771 4517 2073 4607 quidem.
2186 4515 2535 4584 Pertinent
2599 4514 2838 4584 omnia
2896 4517 2996 4588 ad
