<?xml version="1.0" encoding="UTF-8"?>
<!DOCTYPE html PUBLIC "-//W3C//DTD XHTML 1.0 Transitional//EN"
    "http://www.w3.org/TR/xhtml1/DTD/xhtml1-transitional.dtd">
<html xmlns="http://www.w3.org/1999/xhtml" xml:lang="en" lang="en">
 <head>
  <title>
</title>
<meta http-equiv="Content-Type" content="text/html;charset=utf-8" />
  <meta name='ocr-system' content='tesseract 3.04.00' />
  <meta name='ocr-capabilities' content='ocr_page ocr_carea ocr_par ocr_line ocrx_word'/>
</head>
<body>
  <div class='ocr_page' id='page_1' title='image "./godofrediherman02hermgoog/godofrediherman02hermgoog_0403.png"; bbox 0 0 3328 5326; ppageno 0'>
   <div class='ocr_carea' id='block_1_1' title="bbox 1177 383 2628 446">
    <p class='ocr_par' dir='ltr' id='par_1_1' title="bbox 1177 383 2628 446">
     <span class='ocr_line' id='line_1_1' title="bbox 1177 383 2628 446; baseline -0.001 -2"><span class='ocrx_word' id='word_1_1' title='bbox 1177 383 1692 446; x_wconf 81' lang='lat' dir='ltr'><strong>THUCYDIDES.</strong></span> <span class='ocrx_word' id='word_1_2' title='bbox 2501 384 2628 444; x_wconf 75' lang='lat'><strong>385</strong></span> 
     </span>
    </p>
   </div>
   <div class='ocr_carea' id='block_1_2' title="bbox 219 574 2630 4712">
    <p class='ocr_par' dir='ltr' id='par_1_2' title="bbox 255 574 2624 1081">
     <span class='ocr_line' id='line_1_2' title="bbox 259 574 2623 669; baseline -0.001 -25"><span class='ocrx_word' id='word_1_3' title='bbox 259 575 449 645; x_wconf 87' lang='lat' dir='ltr'><strong>situm</strong></span> <span class='ocrx_word' id='word_1_4' title='bbox 499 574 712 645; x_wconf 84' lang='lat' dir='ltr'><strong>fuisse</strong></span> <span class='ocrx_word' id='word_1_5' title='bbox 760 584 1034 645; x_wconf 89' lang='lat' dir='ltr'><strong>censet:</strong></span> <span class='ocrx_word' id='word_1_6' title='bbox 1093 575 1160 644; x_wconf 91' lang='lat' dir='ltr'><strong>in</strong></span> <span class='ocrx_word' id='word_1_7' title='bbox 1211 597 1350 668; x_wconf 90' lang='lat' dir='ltr'><strong>quo</strong></span> <span class='ocrx_word' id='word_1_8' title='bbox 1403 575 1470 645; x_wconf 91' lang='lat' dir='ltr'><strong>ei</strong></span> <span class='ocrx_word' id='word_1_9' title='bbox 1523 575 1764 669; x_wconf 90' lang='lat' dir='ltr'><strong>Poppo</strong></span> <span class='ocrx_word' id='word_1_10' title='bbox 1821 584 1930 645; x_wconf 90' lang='lat' dir='ltr'><strong>est</strong></span> <span class='ocrx_word' id='word_1_11' title='bbox 1970 596 2336 659; x_wconf 71' lang='lat' dir='ltr'><strong>assensuS‚</strong></span> <span class='ocrx_word' id='word_1_12' title='bbox 2377 574 2496 668; x_wconf 90' lang='lat' dir='ltr'><strong>qui</strong></span> <span class='ocrx_word' id='word_1_13' title='bbox 2535 597 2623 644; x_wconf 86' lang='lat' dir='ltr'><strong>an</strong></span> 
     </span>
     <span class='ocr_line' id='line_1_3' title="bbox 258 677 2621 770; baseline 0 -23"><span class='ocrx_word' id='word_1_14' title='bbox 258 677 571 747; x_wconf 81' lang='lat' dir='ltr'><strong>manserit</strong></span> <span class='ocrx_word' id='word_1_15' title='bbox 623 678 695 747; x_wconf 88' lang='lat' dir='ltr'><strong>in</strong></span> <span class='ocrx_word' id='word_1_16' title='bbox 745 700 832 749; x_wconf 87' lang='lat' dir='ltr'><strong>ea</strong></span> <span class='ocrx_word' id='word_1_17' title='bbox 882 679 1227 749; x_wconf 80' lang='lat' dir='ltr'><strong>sententia</strong></span> <span class='ocrx_word' id='word_1_18' title='bbox 1283 679 1559 761; x_wconf 85' lang='lat' dir='ltr'><strong>nesci0‚</strong></span> <span class='ocrx_word' id='word_1_19' title='bbox 1615 679 1945 770; x_wconf 88' lang='lat' dir='ltr'><strong>quoniam</strong></span> <span class='ocrx_word' id='word_1_20' title='bbox 1993 701 2180 750; x_wconf 87' lang='lat' dir='ltr'><strong>nova</strong></span> <span class='ocrx_word' id='word_1_21' title='bbox 2217 679 2367 750; x_wconf 91' lang='lat' dir='ltr'><strong>eius</strong></span> <span class='ocrx_word' id='word_1_22' title='bbox 2404 677 2621 749; x_wconf 87' lang='lat' dir='ltr'><strong>editio</strong></span> 
     </span>
     <span class='ocr_line' id='line_1_4' title="bbox 259 780 2624 874; baseline 0 -24"><span class='ocrx_word' id='word_1_23' title='bbox 259 780 413 851; x_wconf 91' lang='lat' dir='ltr'><strong>mihi</strong></span> <span class='ocrx_word' id='word_1_24' title='bbox 445 802 584 851; x_wconf 91' lang='lat' dir='ltr'><strong>non</strong></span> <span class='ocrx_word' id='word_1_25' title='bbox 621 780 712 851; x_wconf 89' lang='lat' dir='ltr'><strong>ad</strong></span> <span class='ocrx_word' id='word_1_26' title='bbox 749 803 1030 853; x_wconf 90' lang='lat' dir='ltr'><strong>manum</strong></span> <span class='ocrx_word' id='word_1_27' title='bbox 1071 794 1197 853; x_wconf 89' lang='lat' dir='ltr'><strong>est.</strong></span> <span class='ocrx_word' id='word_1_28' title='bbox 1282 782 1373 852; x_wconf 89' lang='lat' dir='ltr'><strong>At</strong></span> <span class='ocrx_word' id='word_1_29' title='bbox 1408 804 1498 853; x_wconf 90' lang='lat' dir='ltr'><strong>ne</strong></span> <span class='ocrx_word' id='word_1_30' title='bbox 1535 781 1701 852; x_wconf 91' lang='lat' dir='ltr'><strong>illud</strong></span> <span class='ocrx_word' id='word_1_31' title='bbox 1740 783 2026 874; x_wconf 88' lang='lat' dir='ltr'><strong>quidem</strong></span> <span class='ocrx_word' id='word_1_32' title='bbox 2062 804 2310 853; x_wconf 86' lang='lat' dir='ltr'><strong>verum</strong></span> <span class='ocrx_word' id='word_1_33' title='bbox 2344 781 2624 855; x_wconf 85' lang='lat' dir='ltr'><strong>videtur</strong></span> 
     </span>
     <span class='ocr_line' id='line_1_5' title="bbox 258 884 2624 979; baseline -0.001 -23"><span class='ocrx_word' id='word_1_34' title='bbox 258 885 404 977; x_wconf 89' lang='lat' dir='ltr'><strong>quia</strong></span> <span class='ocrx_word' id='word_1_35' title='bbox 440 885 558 976; x_wconf 91' lang='lat' dir='ltr'><strong>qui</strong></span> <span class='ocrx_word' id='word_1_36' title='bbox 594 906 747 979; x_wconf 89' lang='lat' dir='ltr'><strong>cap.</strong></span> <span class='ocrx_word' id='word_1_37' title='bbox 783 884 902 956; x_wconf 74' lang='lat'><strong>64.</strong></span> <span class='ocrx_word' id='word_1_38' title='bbox 936 884 1044 956; x_wconf 88' lang='lat' dir='ltr'><strong>his</strong></span> <span class='ocrx_word' id='word_1_39' title='bbox 1081 885 1480 978; x_wconf 86' lang='lat' dir='ltr'><strong>adiungitur</strong></span> <span class='ocrx_word' id='word_1_40' title='bbox 1516 885 1862 971; x_wconf 84' lang='lat' dir='ltr'>Phormio,</span> <span class='ocrx_word' id='word_1_41' title='bbox 1905 886 2316 958; x_wconf 89' lang='lat' dir='ltr'><strong>undecimus</strong></span> <span class='ocrx_word' id='word_1_42' title='bbox 2353 887 2624 956; x_wconf 83' lang='lat' dir='ltr'><strong>futurus</strong></span> 
     </span>
     <span class='ocr_line' id='line_1_6' title="bbox 255 988 2039 1081; baseline 0.001 -24"><span class='ocrx_word' id='word_1_43' title='bbox 255 997 449 1058; x_wconf 89' lang='lat' dir='ltr'><strong>esset.</strong></span> <span class='ocrx_word' id='word_1_44' title='bbox 507 988 744 1081; x_wconf 90' lang='lat' dir='ltr'><strong>Itaque</strong></span> <span class='ocrx_word' id='word_1_45' title='bbox 780 990 926 1080; x_wconf 85' lang='grc' dir='ltr'><strong><em>μετ’</em></strong></span> <span class='ocrx_word' id='word_1_46' title='bbox 970 988 1195 1060; x_wconf 87' lang='grc' dir='ltr'><strong><em>ἄλλων</em></strong></span> <span class='ocrx_word' id='word_1_47' title='bbox 1233 988 1362 1059; x_wconf 78' lang='grc' dir='ltr'><strong>δύο</strong></span> <span class='ocrx_word' id='word_1_48' title='bbox 1399 989 1852 1061; x_wconf 88' lang='lat' dir='ltr'><strong>scribendum</strong></span> <span class='ocrx_word' id='word_1_49' title='bbox 1890 990 2039 1060; x_wconf 90' lang='lat' dir='ltr'><strong>erit.</strong></span> 
     </span>
    </p>

    <p class='ocr_par' dir='ltr' id='par_1_3' title="bbox 228 1091 2630 3754">
     <span class='ocr_line' id='line_1_7' title="bbox 448 1091 2622 1186; baseline -0.001 -25"><span class='ocrx_word' id='word_1_50' title='bbox 448 1092 522 1161; x_wconf 91' lang='lat' dir='ltr'><strong>In</strong></span> <span class='ocrx_word' id='word_1_51' title='bbox 575 1091 1004 1185; x_wconf 82' lang='lat' dir='ltr'>perantiquis</span> <span class='ocrx_word' id='word_1_52' title='bbox 1054 1092 1238 1164; x_wconf 87' lang='lat' dir='ltr'><strong>vitiis</strong></span> <span class='ocrx_word' id='word_1_53' title='bbox 1294 1114 1654 1164; x_wconf 80' lang='lat' dir='ltr'><strong>numerem</strong></span> <span class='ocrx_word' id='word_1_54' title='bbox 1729 1094 1919 1184; x_wconf 90' lang='lat' dir='ltr'><strong>quod</strong></span> <span class='ocrx_word' id='word_1_55' title='bbox 1971 1115 2129 1186; x_wconf 91' lang='lat' dir='ltr'><strong>cap.</strong></span> <span class='ocrx_word' id='word_1_56' title='bbox 2180 1092 2298 1162; x_wconf 82' lang='lat'><strong>75.</strong></span> <span class='ocrx_word' id='word_1_57' title='bbox 2352 1092 2622 1185; x_wconf 72' lang='lat' dir='ltr'><strong>legitur,</strong></span> 
     </span>
     <span class='ocr_line' id='line_1_8' title="bbox 251 1194 2625 1291; baseline 0 -28"><span class='ocrx_word' id='word_1_58' title='bbox 251 1195 415 1264; x_wconf 81' lang='grc' dir='ltr'><strong><em>πᾶσι</em></strong></span> <span class='ocrx_word' id='word_1_59' title='bbox 475 1194 548 1264; x_wconf 76' lang='grc' dir='ltr'><strong>δὲ</strong></span> <span class='ocrx_word' id='word_1_60' title='bbox 603 1194 1098 1288; x_wconf 82' lang='grc' dir='ltr'><strong><em>ἀνεπίφθονον</em></strong></span> <span class='ocrx_word' id='word_1_61' title='bbox 1166 1196 1260 1266; x_wconf 83' lang='grc' dir='ltr'><strong>τὰ</strong></span> <span class='ocrx_word' id='word_1_62' title='bbox 1321 1198 1777 1291; x_wconf 78' lang='grc' dir='ltr'><strong><em>ξύμφέροντα</em></strong></span> <span class='ocrx_word' id='word_1_63' title='bbox 1842 1196 1987 1267; x_wconf 80' lang='grc' dir='ltr'><strong><em>τῶν</em></strong></span> <span class='ocrx_word' id='word_1_64' title='bbox 2047 1194 2396 1287; x_wconf 77' lang='grc' dir='ltr'><em>μεγίστων</em></span> <span class='ocrx_word' id='word_1_65' title='bbox 2463 1197 2625 1289; x_wconf 80' lang='grc' dir='ltr'><strong><em>πέρι</em></strong></span> 
     </span>
     <span class='ocr_line' id='line_1_9' title="bbox 251 1295 2624 1392; baseline 0 -26"><span class='ocrx_word' id='word_1_66' title='bbox 251 1295 582 1369; x_wconf 79' lang='grc' dir='ltr'><strong>κινδύνων</strong></span> <span class='ocrx_word' id='word_1_67' title='bbox 619 1295 695 1369; x_wconf 81' lang='grc' dir='ltr'><strong>εὖ</strong></span> <span class='ocrx_word' id='word_1_68' title='bbox 733 1298 1106 1371; x_wconf 79' lang='grc' dir='ltr'><strong><em>τίθεσθαι.</em></strong></span> <span class='ocrx_word' id='word_1_69' title='bbox 1182 1300 1357 1370; x_wconf 88' lang='lat' dir='ltr'><strong>Nam</strong></span> <span class='ocrx_word' id='word_1_70' title='bbox 1394 1301 1549 1392; x_wconf 91' lang='lat' dir='ltr'><strong>quis</strong></span> <span class='ocrx_word' id='word_1_71' title='bbox 1584 1322 1728 1370; x_wconf 89' lang='lat' dir='ltr'><strong>non</strong></span> <span class='ocrx_word' id='word_1_72' title='bbox 1765 1322 1926 1370; x_wconf 90' lang='lat' dir='ltr'><strong>cum</strong></span> <span class='ocrx_word' id='word_1_73' title='bbox 1964 1299 2279 1390; x_wconf 77' lang='lat' dir='ltr'><strong>Krngero</strong></span> <span class='ocrx_word' id='word_1_74' title='bbox 2318 1299 2624 1369; x_wconf 87' lang='lat' dir='ltr'><strong>deletum</strong></span> 
     </span>
     <span class='ocr_line' id='line_1_10' title="bbox 251 1400 2627 1496; baseline 0 -27"><span class='ocrx_word' id='word_1_75' title='bbox 251 1402 447 1472; x_wconf 77' lang='lat' dir='ltr'><strong>vellet</strong></span> <span class='ocrx_word' id='word_1_76' title='bbox 482 1400 856 1491; x_wconf 78' lang='grc' dir='ltr'><strong><em>κινδύνων,</em></strong></span> <span class='ocrx_word' id='word_1_77' title='bbox 902 1403 961 1473; x_wconf 92' lang='lat' dir='ltr'><strong>si</strong></span> <span class='ocrx_word' id='word_1_78' title='bbox 997 1404 1193 1496; x_wconf 87' lang='lat' dir='ltr'><strong>origo</strong></span> <span class='ocrx_word' id='word_1_79' title='bbox 1232 1413 1374 1473; x_wconf 90' lang='lat' dir='ltr'><strong>tam</strong></span> <span class='ocrx_word' id='word_1_80' title='bbox 1411 1403 1670 1475; x_wconf 90' lang='lat' dir='ltr'><strong>inutilis</strong></span> <span class='ocrx_word' id='word_1_81' title='bbox 1709 1403 2163 1475; x_wconf 80' lang='lat' dir='ltr'><strong>additamenti</strong></span> <span class='ocrx_word' id='word_1_82' title='bbox 2214 1402 2627 1473; x_wconf 89' lang='lat' dir='ltr'><strong>ostendere-</strong></span> 
     </span>
     <span class='ocr_line' id='line_1_11' title="bbox 239 1501 2627 1600; baseline 0.001 -28"><span class='ocrx_word' id='word_1_83' title='bbox 239 1507 399 1590; x_wconf 74' lang='lat' dir='ltr'><strong>tur?</strong></span> <span class='ocrx_word' id='word_1_84' title='bbox 450 1505 706 1578; x_wconf 89' lang='lat' dir='ltr'><strong>Verum</strong></span> <span class='ocrx_word' id='word_1_85' title='bbox 735 1508 945 1576; x_wconf 88' lang='lat' dir='ltr'><strong>etiam</strong></span> <span class='ocrx_word' id='word_1_86' title='bbox 975 1505 1208 1577; x_wconf 86' lang='lat' dir='ltr'><strong>deleto</strong></span> <span class='ocrx_word' id='word_1_87' title='bbox 1237 1507 1368 1577; x_wconf 85' lang='lat' dir='ltr'><strong>isto</strong></span> <span class='ocrx_word' id='word_1_88' title='bbox 1398 1508 1742 1578; x_wconf 83' lang='lat' dir='ltr'><strong>vocabulo</strong></span> <span class='ocrx_word' id='word_1_89' title='bbox 1771 1509 2082 1600; x_wconf 90' lang='lat' dir='ltr'><strong>ineptum</strong></span> <span class='ocrx_word' id='word_1_90' title='bbox 2111 1516 2218 1576; x_wconf 89' lang='lat' dir='ltr'><strong>est</strong></span> <span class='ocrx_word' id='word_1_91' title='bbox 2245 1501 2348 1576; x_wconf 81' lang='grc' dir='ltr'><strong>εὖ.</strong></span> <span class='ocrx_word' id='word_1_92' title='bbox 2404 1506 2627 1576; x_wconf 89' lang='lat' dir='ltr'><strong>Multo</strong></span> 
     </span>
     <span class='ocr_line' id='line_1_12' title="bbox 255 1607 2627 1682; baseline 0.001 -7"><span class='ocrx_word' id='word_1_93' title='bbox 255 1607 499 1678; x_wconf 83' lang='lat' dir='ltr'><strong>rectius</strong></span> <span class='ocrx_word' id='word_1_94' title='bbox 554 1609 804 1681; x_wconf 91' lang='lat' dir='ltr'><strong>eadem</strong></span> <span class='ocrx_word' id='word_1_95' title='bbox 858 1612 1204 1680; x_wconf 89' lang='lat' dir='ltr'><strong>sententia</strong></span> <span class='ocrx_word' id='word_1_96' title='bbox 1258 1611 1362 1681; x_wconf 92' lang='lat' dir='ltr'><strong>VI.</strong></span> <span class='ocrx_word' id='word_1_97' title='bbox 1406 1614 1524 1682; x_wconf 82' lang='lat'><strong>83.</strong></span> <span class='ocrx_word' id='word_1_98' title='bbox 1573 1613 1675 1681; x_wconf 90' lang='lat' dir='ltr'><strong>sic</strong></span> <span class='ocrx_word' id='word_1_99' title='bbox 1727 1611 2085 1682; x_wconf 89' lang='lat' dir='ltr'><strong>enuntiata</strong></span> <span class='ocrx_word' id='word_1_100' title='bbox 2121 1620 2266 1679; x_wconf 88' lang='lat' dir='ltr'><strong>est:</strong></span> <span class='ocrx_word' id='word_1_101' title='bbox 2326 1608 2501 1679; x_wconf 82' lang='grc' dir='ltr'><strong><em>πᾶσι</em></strong></span> <span class='ocrx_word' id='word_1_102' title='bbox 2554 1607 2627 1678; x_wconf 75' lang='grc' dir='ltr'><strong>δὲ</strong></span> 
     </span>
     <span class='ocr_line' id='line_1_13' title="bbox 250 1710 2630 1811; baseline 0.001 -33"><span class='ocrx_word' id='word_1_103' title='bbox 250 1710 733 1804; x_wconf 72' lang='grc' dir='ltr'><strong><em>ἀνεπίφθονον</em></strong></span> <span class='ocrx_word' id='word_1_104' title='bbox 768 1712 900 1810; x_wconf 78' lang='grc' dir='ltr'><strong><em>τήν</em></strong></span> <span class='ocrx_word' id='word_1_105' title='bbox 927 1712 1422 1811; x_wconf 78' lang='grc' dir='ltr'><strong><em>προςήκουσαν</em></strong></span> <span class='ocrx_word' id='word_1_106' title='bbox 1452 1714 1811 1810; x_wconf 76' lang='grc' dir='ltr'><strong><em>σωτηρίαν</em></strong></span> <span class='ocrx_word' id='word_1_107' title='bbox 1840 1713 2360 1808; x_wconf 73' lang='grc' dir='ltr'><strong><em>ἐκπορίζεσθαι.</em></strong></span> <span class='ocrx_word' id='word_1_108' title='bbox 2403 1712 2630 1804; x_wconf 80' lang='lat' dir='ltr'><strong>Egre-</strong></span> 
     </span>
     <span class='ocr_line' id='line_1_14' title="bbox 245 1814 2629 1911; baseline 0.001 -29"><span class='ocrx_word' id='word_1_109' title='bbox 245 1814 348 1904; x_wconf 87' lang='lat' dir='ltr'><strong>gie</strong></span> <span class='ocrx_word' id='word_1_110' title='bbox 381 1837 547 1887; x_wconf 86' lang='lat' dir='ltr'><strong>vero</strong></span> <span class='ocrx_word' id='word_1_111' title='bbox 586 1839 736 1887; x_wconf 89' lang='lat' dir='ltr'><strong>rem</strong></span> <span class='ocrx_word' id='word_1_112' title='bbox 771 1819 1124 1911; x_wconf 83' lang='lat' dir='ltr'><strong>perspexit</strong></span> <span class='ocrx_word' id='word_1_113' title='bbox 1162 1818 1233 1887; x_wconf 91' lang='lat' dir='ltr'><strong>C.</strong></span> <span class='ocrx_word' id='word_1_114' title='bbox 1268 1818 1594 1904; x_wconf 82' lang='lat' dir='ltr'><strong>SinteniS‚</strong></span> <span class='ocrx_word' id='word_1_115' title='bbox 1624 1819 1743 1910; x_wconf 89' lang='lat' dir='ltr'><strong>qui</strong></span> <span class='ocrx_word' id='word_1_116' title='bbox 1779 1819 1961 1888; x_wconf 86' lang='lat' dir='ltr'><strong>hanc</strong></span> <span class='ocrx_word' id='word_1_117' title='bbox 2000 1839 2276 1887; x_wconf 89' lang='lat' dir='ltr'><strong>mecum</strong></span> <span class='ocrx_word' id='word_1_118' title='bbox 2313 1837 2629 1886; x_wconf 90' lang='lat' dir='ltr'><strong>commu-</strong></span> 
     </span>
     <span class='ocr_line' id='line_1_15' title="bbox 248 1919 2627 2014; baseline 0.002 -30"><span class='ocrx_word' id='word_1_119' title='bbox 248 1919 495 1989; x_wconf 82' lang='lat' dir='ltr'><strong>nicavit</strong></span> <span class='ocrx_word' id='word_1_120' title='bbox 531 1921 1126 1991; x_wconf 83' lang='lat' dir='ltr'><strong>emendationem:</strong></span> <span class='ocrx_word' id='word_1_121' title='bbox 1183 1923 1359 1992; x_wconf 80' lang='grc' dir='ltr'><strong><em>πᾶσι</em></strong></span> <span class='ocrx_word' id='word_1_122' title='bbox 1404 1922 1477 1992; x_wconf 79' lang='grc' dir='ltr'><strong>δὲ</strong></span> <span class='ocrx_word' id='word_1_123' title='bbox 1513 1922 2008 2014; x_wconf 80' lang='grc' dir='ltr'><strong><em>ἀνεπίφθονον</em></strong></span> <span class='ocrx_word' id='word_1_124' title='bbox 2043 1921 2133 1990; x_wconf 76' lang='grc' dir='ltr'><strong>τὰ</strong></span> <span class='ocrx_word' id='word_1_125' title='bbox 2172 1922 2627 2014; x_wconf 76' lang='grc' dir='ltr'><strong><em>ξυμφέροντα</em></strong></span> 
     </span>
     <span class='ocr_line' id='line_1_16' title="bbox 245 2022 2623 2119; baseline 0.002 -32"><span class='ocrx_word' id='word_1_126' title='bbox 245 2022 378 2091; x_wconf 62' lang='lat' dir='ltr'><strong>‘cdiv</strong></span> <span class='ocrx_word' id='word_1_127' title='bbox 411 2022 764 2114; x_wconf 75' lang='grc' dir='ltr'><strong><em>μεγίστων</em></strong></span> <span class='ocrx_word' id='word_1_128' title='bbox 800 2025 962 2119; x_wconf 82' lang='grc' dir='ltr'><strong><em>πέρι</em></strong></span> <span class='ocrx_word' id='word_1_129' title='bbox 998 2022 1485 2096; x_wconf 74' lang='grc' dir='ltr'><strong><em>κινδυνεύουσι</em></strong></span> <span class='ocrx_word' id='word_1_130' title='bbox 1518 2028 1821 2096; x_wconf 85' lang='grc' dir='ltr'><strong><em>θέσθαι.</em></strong></span> <span class='ocrx_word' id='word_1_131' title='bbox 1908 2026 2018 2095; x_wconf 82' lang='grc' dir='ltr'><strong>ΕΧ</strong></span> <span class='ocrx_word' id='word_1_132' title='bbox 2068 2024 2178 2094; x_wconf 85' lang='lat' dir='ltr'><strong>his</strong></span> <span class='ocrx_word' id='word_1_133' title='bbox 2223 2046 2363 2116; x_wconf 89' lang='lat' dir='ltr'><strong>quo</strong></span> <span class='ocrx_word' id='word_1_134' title='bbox 2411 2023 2623 2093; x_wconf 87' lang='lat' dir='ltr'><strong>modo</strong></span> 
     </span>
     <span class='ocr_line' id='line_1_17' title="bbox 244 2126 2626 2220; baseline 0.002 -30"><span class='ocrx_word' id='word_1_135' title='bbox 244 2126 427 2195; x_wconf 89' lang='lat' dir='ltr'><strong>nasci</strong></span> <span class='ocrx_word' id='word_1_136' title='bbox 464 2129 771 2220; x_wconf 87' lang='lat' dir='ltr'><strong>potuerit</strong></span> <span class='ocrx_word' id='word_1_137' title='bbox 806 2128 998 2220; x_wconf 90' lang='lat' dir='ltr'><strong>quod</strong></span> <span class='ocrx_word' id='word_1_138' title='bbox 1036 2129 1105 2198; x_wconf 92' lang='lat' dir='ltr'><strong>in</strong></span> <span class='ocrx_word' id='word_1_139' title='bbox 1144 2129 1331 2198; x_wconf 88' lang='lat' dir='ltr'><strong>libris</strong></span> <span class='ocrx_word' id='word_1_140' title='bbox 1370 2139 1500 2214; x_wconf 85' lang='lat' dir='ltr'><strong>est,</strong></span> <span class='ocrx_word' id='word_1_141' title='bbox 1542 2129 1739 2198; x_wconf 90' lang='lat' dir='ltr'><strong>facile</strong></span> <span class='ocrx_word' id='word_1_142' title='bbox 1777 2129 2003 2220; x_wconf 78' lang='lat' dir='ltr'><strong>quivis</strong></span> <span class='ocrx_word' id='word_1_143' title='bbox 2055 2128 2313 2198; x_wconf 85' lang='lat' dir='ltr'><strong>videat.</strong></span> <span class='ocrx_word' id='word_1_144' title='bbox 2400 2127 2626 2219; x_wconf 87' lang='lat' dir='ltr'><strong>Signi-</strong></span> 
     </span>
     <span class='ocr_line' id='line_1_18' title="bbox 245 2229 2624 2325; baseline 0.002 -32"><span class='ocrx_word' id='word_1_145' title='bbox 245 2229 396 2298; x_wconf 75' lang='lat' dir='ltr'><strong>ficat</strong></span> <span class='ocrx_word' id='word_1_146' title='bbox 433 2243 671 2301; x_wconf 85' lang='lat' dir='ltr'><strong>autem</strong></span> <span class='ocrx_word' id='word_1_147' title='bbox 707 2231 796 2301; x_wconf 77' lang='grc' dir='ltr'><strong>τὰ</strong></span> <span class='ocrx_word' id='word_1_148' title='bbox 835 2234 1290 2325; x_wconf 76' lang='grc' dir='ltr'><strong><em>ξυμφέροντα</em></strong></span> <span class='ocrx_word' id='word_1_149' title='bbox 1325 2233 1598 2303; x_wconf 73' lang='grc' dir='ltr'><strong><em>θέσθαι</em></strong></span> <span class='ocrx_word' id='word_1_150' title='bbox 1636 2233 1980 2303; x_wconf 89' lang='lat' dir='ltr'><strong>adornare</strong></span> <span class='ocrx_word' id='word_1_151' title='bbox 2020 2252 2201 2324; x_wconf 91' lang='lat' dir='ltr'><strong>quae</strong></span> <span class='ocrx_word' id='word_1_152' title='bbox 2256 2230 2390 2301; x_wconf 89' lang='lat' dir='ltr'><strong>sibi</strong></span> <span class='ocrx_word' id='word_1_153' title='bbox 2434 2230 2624 2300; x_wconf 88' lang='lat' dir='ltr'><strong>utilia</strong></span> 
     </span>
     <span class='ocr_line' id='line_1_19' title="bbox 242 2329 2622 2428; baseline 0.002 -30"><span class='ocrx_word' id='word_1_154' title='bbox 242 2331 399 2402; x_wconf 83' lang='lat' dir='ltr'><strong>sint:</strong></span> <span class='ocrx_word' id='word_1_155' title='bbox 465 2346 541 2404; x_wconf 91' lang='lat' dir='ltr'><strong>ut</strong></span> <span class='ocrx_word' id='word_1_156' title='bbox 593 2335 828 2428; x_wconf 85' lang='lat' dir='ltr'><strong>inepte</strong></span> <span class='ocrx_word' id='word_1_157' title='bbox 881 2335 1378 2427; x_wconf 84' lang='lat' dir='ltr'><strong>adiungeretur</strong></span> <span class='ocrx_word' id='word_1_158' title='bbox 1420 2330 1523 2406; x_wconf 83' lang='grc' dir='ltr'><strong>εὖ.</strong></span> <span class='ocrx_word' id='word_1_159' title='bbox 1621 2336 1756 2420; x_wconf 88' lang='lat' dir='ltr'><strong>Qui</strong></span> <span class='ocrx_word' id='word_1_160' title='bbox 1804 2336 2017 2405; x_wconf 89' lang='lat' dir='ltr'><strong>multa</strong></span> <span class='ocrx_word' id='word_1_161' title='bbox 2066 2335 2157 2405; x_wconf 92' lang='lat' dir='ltr'><strong>de</strong></span> <span class='ocrx_word' id='word_1_162' title='bbox 2210 2335 2345 2404; x_wconf 88' lang='lat' dir='ltr'><strong>isto</strong></span> <span class='ocrx_word' id='word_1_163' title='bbox 2390 2329 2469 2405; x_wconf 67' lang='grc' dir='ltr'><strong>εὖ</strong></span> <span class='ocrx_word' id='word_1_164' title='bbox 2518 2333 2622 2403; x_wconf 80' lang='grc' dir='ltr'><strong>τί·</strong></span> 
     </span>
     <span class='ocr_line' id='line_1_20' title="bbox 243 2439 2618 2532; baseline 0.001 -31"><span class='ocrx_word' id='word_1_165' title='bbox 243 2445 500 2509; x_wconf 65' lang='grc' dir='ltr'><strong><em>θεοθαι</em></strong></span> <span class='ocrx_word' id='word_1_166' title='bbox 554 2439 810 2523; x_wconf 79' lang='lat' dir='ltr'><strong>attulit,</strong></span> <span class='ocrx_word' id='word_1_167' title='bbox 882 2439 1448 2510; x_wconf 90' lang='lat' dir='ltr'><strong>Hemsterhusius</strong></span> <span class='ocrx_word' id='word_1_168' title='bbox 1515 2439 1605 2510; x_wconf 91' lang='lat' dir='ltr'><strong>ad</strong></span> <span class='ocrx_word' id='word_1_169' title='bbox 1670 2439 1953 2509; x_wconf 87' lang='lat' dir='ltr'><strong>Luciani</strong></span> <span class='ocrx_word' id='word_1_170' title='bbox 1993 2439 2446 2532; x_wconf 85' lang='lat' dir='ltr'><strong>Necyomant.</strong></span> <span class='ocrx_word' id='word_1_171' title='bbox 2497 2439 2618 2508; x_wconf 91' lang='grc'><strong>24.</strong></span> 
     </span>
     <span class='ocr_line' id='line_1_21' title="bbox 238 2537 2615 2636; baseline 0.002 -31"><span class='ocrx_word' id='word_1_172' title='bbox 238 2537 304 2607; x_wconf 84' lang='grc' dir='ltr'><strong>Τ.</strong></span> <span class='ocrx_word' id='word_1_173' title='bbox 342 2543 404 2609; x_wconf 97' lang='grc'><strong>4.</strong></span> <span class='ocrx_word' id='word_1_174' title='bbox 436 2565 505 2634; x_wconf 91' lang='lat' dir='ltr'><strong>p.</strong></span> <span class='ocrx_word' id='word_1_175' title='bbox 546 2541 715 2612; x_wconf 80' lang='grc'><strong>485.</strong></span> <span class='ocrx_word' id='word_1_176' title='bbox 750 2543 989 2613; x_wconf 86' lang='lat' dir='ltr'><strong>omissi</strong></span> <span class='ocrx_word' id='word_1_177' title='bbox 1026 2542 1371 2613; x_wconf 88' lang='lat' dir='ltr'><strong>interdum</strong></span> <span class='ocrx_word' id='word_1_178' title='bbox 1411 2537 1489 2613; x_wconf 83' lang='grc' dir='ltr'><strong>εὖ</strong></span> <span class='ocrx_word' id='word_1_179' title='bbox 1526 2544 1927 2636; x_wconf 84' lang='lat' dir='ltr'><strong>exemplum</strong></span> <span class='ocrx_word' id='word_1_180' title='bbox 1957 2543 2154 2613; x_wconf 87' lang='lat' dir='ltr'><strong>affert</strong></span> <span class='ocrx_word' id='word_1_181' title='bbox 2181 2564 2275 2612; x_wconf 82' lang='lat' dir='ltr'><strong>ex</strong></span> <span class='ocrx_word' id='word_1_182' title='bbox 2302 2541 2615 2633; x_wconf 77' lang='lat' dir='ltr'><strong>Thucyd.</strong></span> 
     </span>
     <span class='ocr_line' id='line_1_22' title="bbox 235 2640 2624 2741; baseline 0.002 -31"><span class='ocrx_word' id='word_1_183' title='bbox 235 2640 279 2710; x_wconf 90' lang='lat' dir='ltr'><strong>I.</strong></span> <span class='ocrx_word' id='word_1_184' title='bbox 312 2643 428 2716; x_wconf 73' lang='lat'><strong>25.</strong></span> <span class='ocrx_word' id='word_1_185' title='bbox 463 2648 540 2716; x_wconf 78' lang='grc' dir='ltr'><strong><em>ἐν</em></strong></span> <span class='ocrx_word' id='word_1_186' title='bbox 580 2642 823 2741; x_wconf 78' lang='grc' dir='ltr'><strong><em>ἀπόρῳ</em></strong></span> <span class='ocrx_word' id='word_1_187' title='bbox 876 2650 1155 2736; x_wconf 82' lang='grc' dir='ltr'><strong><em>εἴχοντο</em></strong></span> <span class='ocrx_word' id='word_1_188' title='bbox 1205 2646 1476 2719; x_wconf 89' lang='grc' dir='ltr'><strong><em>θέσθαι</em></strong></span> <span class='ocrx_word' id='word_1_189' title='bbox 1521 2646 1605 2718; x_wconf 85' lang='grc' dir='ltr'><strong>τὸ</strong></span> <span class='ocrx_word' id='word_1_190' title='bbox 1641 2644 1906 2741; x_wconf 84' lang='grc' dir='ltr'><strong><em>παρόν,</em></strong></span> <span class='ocrx_word' id='word_1_191' title='bbox 1965 2657 2315 2741; x_wconf 80' lang='lat' dir='ltr'><strong>sumptum</strong></span> <span class='ocrx_word' id='word_1_192' title='bbox 2368 2644 2532 2717; x_wconf 81' lang='lat' dir='ltr'><strong>inde</strong></span> <span class='ocrx_word' id='word_1_193' title='bbox 2582 2668 2624 2715; x_wconf 76' lang='lat' dir='ltr'><strong>a</strong></span> 
     </span>
     <span class='ocr_line' id='line_1_23' title="bbox 233 2744 2618 2843; baseline 0.003 -31"><span class='ocrx_word' id='word_1_194' title='bbox 233 2744 592 2842; x_wconf 84' lang='lat' dir='ltr'><strong>Procopio.</strong></span> <span class='ocrx_word' id='word_1_195' title='bbox 698 2749 853 2821; x_wconf 89' lang='lat' dir='ltr'><strong>Non</strong></span> <span class='ocrx_word' id='word_1_196' title='bbox 929 2754 1341 2822; x_wconf 87' lang='lat' dir='ltr'><strong>meminerat</strong></span> <span class='ocrx_word' id='word_1_197' title='bbox 1414 2752 1664 2822; x_wconf 91' lang='lat' dir='ltr'><strong>horum</strong></span> <span class='ocrx_word' id='word_1_198' title='bbox 1730 2751 2122 2822; x_wconf 89' lang='lat' dir='ltr'><strong>Lobeckius</strong></span> <span class='ocrx_word' id='word_1_199' title='bbox 2190 2753 2259 2821; x_wconf 89' lang='lat' dir='ltr'><strong>in</strong></span> <span class='ocrx_word' id='word_1_200' title='bbox 2325 2751 2618 2843; x_wconf 88' lang='lat' dir='ltr'><strong>Paralip.</strong></span> 
     </span>
     <span class='ocr_line' id='line_1_24' title="bbox 235 2851 2624 2947; baseline 0.001 -27"><span class='ocrx_word' id='word_1_201' title='bbox 235 2872 296 2941; x_wconf 91' lang='lat' dir='ltr'><strong>p.</strong></span> <span class='ocrx_word' id='word_1_202' title='bbox 334 2855 502 2924; x_wconf 87' lang='grc'><strong>465.</strong></span> <span class='ocrx_word' id='word_1_203' title='bbox 537 2854 661 2925; x_wconf 92' lang='lat' dir='ltr'><strong>ubi</strong></span> <span class='ocrx_word' id='word_1_204' title='bbox 697 2854 788 2925; x_wconf 91' lang='lat' dir='ltr'><strong>de</strong></span> <span class='ocrx_word' id='word_1_205' title='bbox 826 2856 1085 2926; x_wconf 87' lang='lat' dir='ltr'><strong>omisso</strong></span> <span class='ocrx_word' id='word_1_206' title='bbox 1121 2851 1198 2925; x_wconf 79' lang='grc' dir='ltr'><strong>εὖ</strong></span> <span class='ocrx_word' id='word_1_207' title='bbox 1236 2854 1563 2947; x_wconf 86' lang='lat' dir='ltr'><strong>disputat.</strong></span> <span class='ocrx_word' id='word_1_208' title='bbox 1646 2854 1750 2925; x_wconf 87' lang='lat' dir='ltr'><strong>Ac</strong></span> <span class='ocrx_word' id='word_1_209' title='bbox 1787 2877 1878 2925; x_wconf 92' lang='lat' dir='ltr'><strong>ne</strong></span> <span class='ocrx_word' id='word_1_210' title='bbox 1916 2856 1984 2925; x_wconf 91' lang='lat' dir='ltr'><strong>in</strong></span> <span class='ocrx_word' id='word_1_211' title='bbox 2026 2856 2156 2925; x_wconf 90' lang='lat' dir='ltr'><strong>ista</strong></span> <span class='ocrx_word' id='word_1_212' title='bbox 2192 2855 2478 2946; x_wconf 90' lang='lat' dir='ltr'><strong>quidem</strong></span> <span class='ocrx_word' id='word_1_213' title='bbox 2516 2854 2624 2924; x_wconf 89' lang='lat' dir='ltr'><strong>di-</strong></span> 
     </span>
     <span class='ocr_line' id='line_1_25' title="bbox 236 2956 2623 3043; baseline 0.001 -21"><span class='ocrx_word' id='word_1_214' title='bbox 236 2956 435 3028; x_wconf 89' lang='lat' dir='ltr'><strong>cendi</strong></span> <span class='ocrx_word' id='word_1_215' title='bbox 472 2960 701 3028; x_wconf 89' lang='lat' dir='ltr'><strong>forma</strong></span> <span class='ocrx_word' id='word_1_216' title='bbox 739 2968 1002 3029; x_wconf 89' lang='lat' dir='ltr'><strong>temere</strong></span> <span class='ocrx_word' id='word_1_217' title='bbox 1040 2959 1396 3041; x_wconf 81' lang='lat' dir='ltr'><strong>omittitur,</strong></span> <span class='ocrx_word' id='word_1_218' title='bbox 1438 2958 1567 3028; x_wconf 89' lang='lat' dir='ltr'><strong>sed</strong></span> <span class='ocrx_word' id='word_1_219' title='bbox 1603 2959 1735 3043; x_wconf 85' lang='lat' dir='ltr'><strong>ibi,</strong></span> <span class='ocrx_word' id='word_1_220' title='bbox 1785 2959 1904 3030; x_wconf 92' lang='lat' dir='ltr'><strong>ubi</strong></span> <span class='ocrx_word' id='word_1_221' title='bbox 1951 2979 2092 3028; x_wconf 92' lang='lat' dir='ltr'><strong>non</strong></span> <span class='ocrx_word' id='word_1_222' title='bbox 2144 2958 2235 3028; x_wconf 91' lang='lat' dir='ltr'><strong>de</strong></span> <span class='ocrx_word' id='word_1_223' title='bbox 2271 2958 2455 3027; x_wconf 85' lang='lat' dir='ltr'><strong>bene</strong></span> <span class='ocrx_word' id='word_1_224' title='bbox 2494 2958 2623 3025; x_wconf 87' lang='lat' dir='ltr'><strong>ad-</strong></span> 
     </span>
     <span class='ocr_line' id='line_1_26' title="bbox 237 3058 2622 3154; baseline 0 -28"><span class='ocrx_word' id='word_1_225' title='bbox 237 3061 565 3132; x_wconf 86' lang='lat' dir='ltr'><strong>ornandis</strong></span> <span class='ocrx_word' id='word_1_226' title='bbox 621 3063 869 3145; x_wconf 84' lang='lat' dir='ltr'><strong>rebus‚</strong></span> <span class='ocrx_word' id='word_1_227' title='bbox 925 3063 1052 3132; x_wconf 91' lang='lat' dir='ltr'><strong>sed</strong></span> <span class='ocrx_word' id='word_1_228' title='bbox 1090 3061 1493 3154; x_wconf 83' lang='lat' dir='ltr'><strong>simpliciter</strong></span> <span class='ocrx_word' id='word_1_229' title='bbox 1530 3061 1619 3130; x_wconf 89' lang='lat' dir='ltr'><strong>de</strong></span> <span class='ocrx_word' id='word_1_230' title='bbox 1659 3061 2166 3153; x_wconf 87' lang='lat' dir='ltr'><strong>componendis</strong></span> <span class='ocrx_word' id='word_1_231' title='bbox 2205 3060 2435 3152; x_wconf 87' lang='lat' dir='ltr'><strong>prouti</strong></span> <span class='ocrx_word' id='word_1_232' title='bbox 2472 3058 2622 3128; x_wconf 85' lang='lat' dir='ltr'><strong>fieri</strong></span> 
     </span>
     <span class='ocr_line' id='line_1_27' title="bbox 237 3164 2621 3259; baseline -0 -27"><span class='ocrx_word' id='word_1_233' title='bbox 237 3171 461 3252; x_wconf 87' lang='lat' dir='ltr'><strong>potest</strong></span> <span class='ocrx_word' id='word_1_234' title='bbox 497 3186 730 3235; x_wconf 87' lang='lat' dir='ltr'><strong>sermo</strong></span> <span class='ocrx_word' id='word_1_235' title='bbox 770 3176 899 3249; x_wconf 85' lang='lat' dir='ltr'><strong>est,</strong></span> <span class='ocrx_word' id='word_1_236' title='bbox 932 3176 1005 3237; x_wconf 88' lang='lat' dir='ltr'><strong>ut</strong></span> <span class='ocrx_word' id='word_1_237' title='bbox 1042 3167 1110 3235; x_wconf 90' lang='lat' dir='ltr'><strong>in</strong></span> <span class='ocrx_word' id='word_1_238' title='bbox 1149 3167 1301 3259; x_wconf 91' lang='lat' dir='ltr'><strong>ipso</strong></span> <span class='ocrx_word' id='word_1_239' title='bbox 1332 3164 1445 3235; x_wconf 90' lang='lat' dir='ltr'><strong>illo</strong></span> <span class='ocrx_word' id='word_1_240' title='bbox 1475 3164 1899 3257; x_wconf 80' lang='lat' dir='ltr'><strong>Thucydidis</strong></span> <span class='ocrx_word' id='word_1_241' title='bbox 1929 3165 2084 3234; x_wconf 92' lang='lat' dir='ltr'><strong>loco</strong></span> <span class='ocrx_word' id='word_1_242' title='bbox 2113 3165 2159 3233; x_wconf 95' lang='grc' dir='ltr'><strong>Ι.</strong></span> <span class='ocrx_word' id='word_1_243' title='bbox 2196 3165 2317 3235; x_wconf 87' lang='grc'><strong>25.</strong></span> <span class='ocrx_word' id='word_1_244' title='bbox 2351 3171 2422 3232; x_wconf 90' lang='lat' dir='ltr'><strong>et</strong></span> <span class='ocrx_word' id='word_1_245' title='bbox 2459 3184 2621 3232; x_wconf 87' lang='lat' dir='ltr'><strong>cum</strong></span> 
     </span>
     <span class='ocr_line' id='line_1_28' title="bbox 237 3264 2623 3362; baseline -0.001 -25"><span class='ocrx_word' id='word_1_246' title='bbox 237 3264 320 3336; x_wconf 74' lang='grc' dir='ltr'><strong>τὰ</strong></span> <span class='ocrx_word' id='word_1_247' title='bbox 353 3266 746 3362; x_wconf 79' lang='grc' dir='ltr'><strong><em>πράγματα</em></strong></span> <span class='ocrx_word' id='word_1_248' title='bbox 779 3267 1127 3339; x_wconf 75' lang='grc' dir='ltr'><strong><em>τίθεσθαι</em></strong></span> <span class='ocrx_word' id='word_1_249' title='bbox 1162 3270 1426 3352; x_wconf 86' lang='lat' dir='ltr'><strong>dicunt,</strong></span> <span class='ocrx_word' id='word_1_250' title='bbox 1467 3268 1559 3339; x_wconf 92' lang='lat' dir='ltr'><strong>de</strong></span> <span class='ocrx_word' id='word_1_251' title='bbox 1596 3290 1737 3359; x_wconf 90' lang='lat' dir='ltr'><strong>quo</strong></span> <span class='ocrx_word' id='word_1_252' title='bbox 1777 3290 2037 3360; x_wconf 82' lang='lat' dir='ltr'><strong>genere</strong></span> <span class='ocrx_word' id='word_1_253' title='bbox 2076 3266 2407 3359; x_wconf 90' lang='lat' dir='ltr'><strong>loquendi</strong></span> <span class='ocrx_word' id='word_1_254' title='bbox 2445 3265 2623 3336; x_wconf 57' lang='lat' dir='ltr'><strong>(lixit</strong></span> 
     </span>
     <span class='ocr_line' id='line_1_29' title="bbox 232 3368 2622 3463; baseline 0.001 -27"><span class='ocrx_word' id='word_1_255' title='bbox 232 3368 533 3463; x_wconf 90' lang='lat' dir='ltr'><strong>Toupius</strong></span> <span class='ocrx_word' id='word_1_256' title='bbox 573 3371 664 3442; x_wconf 91' lang='lat' dir='ltr'><strong>ad</strong></span> <span class='ocrx_word' id='word_1_257' title='bbox 704 3372 986 3443; x_wconf 91' lang='lat' dir='ltr'><strong>Suidam</strong></span> <span class='ocrx_word' id='word_1_258' title='bbox 1021 3395 1088 3441; x_wconf 90' lang='lat' dir='ltr'><strong>v.</strong></span> <span class='ocrx_word' id='word_1_259' title='bbox 1120 3372 1492 3445; x_wconf 76' lang='grc' dir='ltr'><strong><em>τίθεσθαι.</em></strong></span> <span class='ocrx_word' id='word_1_260' title='bbox 1590 3373 1824 3456; x_wconf 88' lang='lat' dir='ltr'><strong>Quare</strong></span> <span class='ocrx_word' id='word_1_261' title='bbox 1858 3393 2110 3442; x_wconf 85' lang='lat' dir='ltr'><strong>vereor</strong></span> <span class='ocrx_word' id='word_1_262' title='bbox 2144 3393 2237 3442; x_wconf 90' lang='lat' dir='ltr'><strong>ne</strong></span> <span class='ocrx_word' id='word_1_263' title='bbox 2273 3370 2622 3440; x_wconf 89' lang='lat' dir='ltr'><strong>Porsonus</strong></span> 
     </span>
     <span class='ocr_line' id='line_1_30' title="bbox 229 3472 2623 3570; baseline 0 -29"><span class='ocrx_word' id='word_1_264' title='bbox 229 3472 314 3543; x_wconf 87' lang='lat' dir='ltr'><strong>ad</strong></span> <span class='ocrx_word' id='word_1_265' title='bbox 369 3474 792 3546; x_wconf 86' lang='lat' dir='ltr'><strong>Phoenissas</strong></span> <span class='ocrx_word' id='word_1_266' title='bbox 855 3498 922 3546; x_wconf 76' lang='lat' dir='ltr'><strong>v,</strong></span> <span class='ocrx_word' id='word_1_267' title='bbox 993 3475 1210 3549; x_wconf 74' lang='grc'><strong>4422.</strong></span> <span class='ocrx_word' id='word_1_268' title='bbox 1275 3476 1643 3568; x_wconf 88' lang='lat' dir='ltr'><strong>superbius</strong></span> <span class='ocrx_word' id='word_1_269' title='bbox 1713 3475 2205 3570; x_wconf 86' lang='lat' dir='ltr'><strong>vituperaverit</strong></span> <span class='ocrx_word' id='word_1_270' title='bbox 2265 3475 2623 3544; x_wconf 84' lang='lat' dir='ltr'><strong>Hemster-</strong></span> 
     </span>
     <span class='ocr_line' id='line_1_31' title="bbox 231 3575 2621 3673; baseline 0.001 -31"><span class='ocrx_word' id='word_1_271' title='bbox 231 3575 549 3663; x_wconf 85' lang='lat' dir='ltr'><strong>husium‚</strong></span> <span class='ocrx_word' id='word_1_272' title='bbox 632 3580 750 3671; x_wconf 90' lang='lat' dir='ltr'><strong>qui</strong></span> <span class='ocrx_word' id='word_1_273' title='bbox 830 3580 900 3648; x_wconf 91' lang='lat' dir='ltr'><strong>in</strong></span> <span class='ocrx_word' id='word_1_274' title='bbox 970 3579 1078 3650; x_wconf 92' lang='lat' dir='ltr'><strong>his</strong></span> <span class='ocrx_word' id='word_1_275' title='bbox 1146 3579 1509 3673; x_wconf 88' lang='lat' dir='ltr'><strong>Sophoclis</strong></span> <span class='ocrx_word' id='word_1_276' title='bbox 1572 3580 1894 3651; x_wconf 89' lang='lat' dir='ltr'><strong>versibus</strong></span> <span class='ocrx_word' id='word_1_277' title='bbox 1977 3579 2162 3673; x_wconf 89' lang='lat' dir='ltr'><strong>apud</strong></span> <span class='ocrx_word' id='word_1_278' title='bbox 2242 3578 2621 3649; x_wconf 85' lang='lat' dir='ltr'><strong>Stobaeum</strong></span> 
     </span>
     <span class='ocr_line' id='line_1_32' title="bbox 228 3679 616 3754; baseline 0.023 -10"><span class='ocrx_word' id='word_1_279' title='bbox 228 3679 441 3752; x_wconf 80' lang='lat' dir='ltr'><strong>CVIII.</strong></span> <span class='ocrx_word' id='word_1_280' title='bbox 494 3685 616 3754; x_wconf 91' lang='grc'><strong>54.</strong></span> 
     </span>
    </p>

    <p class='ocr_par' dir='ltr' id='par_1_4' title="bbox 594 3784 2256 3881">
     <span class='ocr_line' id='line_1_33' title="bbox 594 3784 2256 3881; baseline 0 -25"><span class='ocrx_word' id='word_1_281' title='bbox 594 3787 904 3881; x_wconf 75' lang='grc' dir='ltr'><strong><em>στέργειν</em></strong></span> <span class='ocrx_word' id='word_1_282' title='bbox 940 3786 1012 3856; x_wconf 76' lang='grc' dir='ltr'><strong>δὲ</strong></span> <span class='ocrx_word' id='word_1_283' title='bbox 1046 3784 1505 3877; x_wconf 84' lang='grc' dir='ltr'><strong><em>τάμπεσόντα</em></strong></span> <span class='ocrx_word' id='word_1_284' title='bbox 1547 3787 1664 3857; x_wconf 83' lang='grc' dir='ltr'><strong><em>καὶ</em></strong></span> <span class='ocrx_word' id='word_1_285' title='bbox 1700 3789 1972 3860; x_wconf 88' lang='grc' dir='ltr'><strong><em>θέσθαι</em></strong></span> <span class='ocrx_word' id='word_1_286' title='bbox 2008 3789 2256 3881; x_wconf 86' lang='grc' dir='ltr'><strong><em>πρέπει</em></strong></span> 
     </span>
    </p>

    <p class='ocr_par' dir='ltr' id='par_1_5' title="bbox 219 3887 2618 4712">
     <span class='ocr_line' id='line_1_34' title="bbox 596 3887 2189 3988; baseline 0 -28"><span class='ocrx_word' id='word_1_287' title='bbox 596 3891 825 3982; x_wconf 84' lang='grc' dir='ltr'><strong><em>σοφὸν</em></strong></span> <span class='ocrx_word' id='word_1_288' title='bbox 861 3887 1232 3986; x_wconf 78' lang='grc' dir='ltr'><strong><em>κυβευτήν,</em></strong></span> <span class='ocrx_word' id='word_1_289' title='bbox 1277 3891 1450 3962; x_wconf 84' lang='grc' dir='ltr'><em>ἀλλὰ</em></span> <span class='ocrx_word' id='word_1_290' title='bbox 1488 3891 1586 3988; x_wconf 80' lang='grc' dir='ltr'><strong>μὴ</strong></span> <span class='ocrx_word' id='word_1_291' title='bbox 1630 3893 1900 3962; x_wconf 86' lang='grc' dir='ltr'><strong><em>στένειν</em></strong></span> <span class='ocrx_word' id='word_1_292' title='bbox 1936 3889 2189 3986; x_wconf 82' lang='grc' dir='ltr'><strong><em>τύχην,</em></strong></span> 
     </span>
     <span class='ocr_line' id='line_1_35' title="bbox 227 3992 2609 4088; baseline 0.002 -31"><span class='ocrx_word' id='word_1_293' title='bbox 227 4003 633 4086; x_wconf 85' lang='lat' dir='ltr'><strong>corruptum</strong></span> <span class='ocrx_word' id='word_1_294' title='bbox 701 3995 994 4065; x_wconf 85' lang='lat' dir='ltr'><strong>verbum</strong></span> <span class='ocrx_word' id='word_1_295' title='bbox 1059 3993 1518 4084; x_wconf 85' lang='grc' dir='ltr'><strong><em>τάμπεσόντα</em></strong></span> <span class='ocrx_word' id='word_1_296' title='bbox 1589 3992 1713 4088; x_wconf 85' lang='lat' dir='ltr'><strong>(sic</strong></span> <span class='ocrx_word' id='word_1_297' title='bbox 1772 3995 1957 4065; x_wconf 89' lang='lat' dir='ltr'><strong>enim</strong></span> <span class='ocrx_word' id='word_1_298' title='bbox 2019 3995 2382 4085; x_wconf 87' lang='lat' dir='ltr'><strong>vulgatum</strong></span> <span class='ocrx_word' id='word_1_299' title='bbox 2439 3993 2609 4087; x_wconf 84' lang='lat' dir='ltr'><strong>erat)</strong></span> 
     </span>
     <span class='ocr_line' id='line_1_36' title="bbox 229 4091 2616 4190; baseline 0.004 -31"><span class='ocrx_word' id='word_1_300' title='bbox 229 4094 563 4168; x_wconf 83' lang='lat' dir='ltr'><strong>intactum</strong></span> <span class='ocrx_word' id='word_1_301' title='bbox 613 4098 1039 4190; x_wconf 84' lang='lat' dir='ltr'><strong>reliquisset,</strong></span> <span class='ocrx_word' id='word_1_302' title='bbox 1093 4118 1339 4168; x_wconf 89' lang='lat' dir='ltr'><strong>sanum</strong></span> <span class='ocrx_word' id='word_1_303' title='bbox 1391 4108 1623 4168; x_wconf 89' lang='lat' dir='ltr'><strong>autem</strong></span> <span class='ocrx_word' id='word_1_304' title='bbox 1674 4098 1792 4168; x_wconf 85' lang='grc' dir='ltr'><strong><em>καὶ</em></strong></span> <span class='ocrx_word' id='word_1_305' title='bbox 1860 4098 2289 4189; x_wconf 86' lang='lat' dir='ltr'><strong>corrupisset</strong></span> <span class='ocrx_word' id='word_1_306' title='bbox 2340 4096 2408 4165; x_wconf 92' lang='lat' dir='ltr'><strong>in</strong></span> <span class='ocrx_word' id='word_1_307' title='bbox 2461 4091 2616 4168; x_wconf 78' lang='grc' dir='ltr'><strong>κεύ;</strong></span> 
     </span>
     <span class='ocr_line' id='line_1_37' title="bbox 229 4197 2617 4293; baseline 0.002 -29"><span class='ocrx_word' id='word_1_308' title='bbox 229 4219 385 4268; x_wconf 86' lang='lat' dir='ltr'><strong>nam</strong></span> <span class='ocrx_word' id='word_1_309' title='bbox 435 4201 554 4270; x_wconf 84' lang='grc' dir='ltr'><strong><em>καὶ</em></strong></span> <span class='ocrx_word' id='word_1_310' title='bbox 594 4224 751 4273; x_wconf 92' lang='lat' dir='ltr'><strong>cum</strong></span> <span class='ocrx_word' id='word_1_311' title='bbox 791 4197 868 4272; x_wconf 80' lang='grc' dir='ltr'><strong>εὖ</strong></span> <span class='ocrx_word' id='word_1_312' title='bbox 904 4222 1281 4293; x_wconf 89' lang='lat' dir='ltr'><strong>numquam</strong></span> <span class='ocrx_word' id='word_1_313' title='bbox 1320 4202 1450 4271; x_wconf 91' lang='lat' dir='ltr'><strong>nisi</strong></span> <span class='ocrx_word' id='word_1_314' title='bbox 1488 4203 1558 4271; x_wconf 91' lang='lat' dir='ltr'><strong>in</strong></span> <span class='ocrx_word' id='word_1_315' title='bbox 1611 4201 2015 4293; x_wconf 86' lang='lat' dir='ltr'><strong>compositis</strong></span> <span class='ocrx_word' id='word_1_316' title='bbox 2072 4201 2302 4270; x_wconf 86' lang='lat' dir='ltr'><strong>crasin</strong></span> <span class='ocrx_word' id='word_1_317' title='bbox 2356 4202 2617 4286; x_wconf 88' lang='lat' dir='ltr'><strong>facere,</strong></span> 
     </span>
     <span class='ocr_line' id='line_1_38' title="bbox 227 4304 2617 4395; baseline 0.002 -26"><span class='ocrx_word' id='word_1_318' title='bbox 227 4323 454 4395; x_wconf 88' lang='lat' dir='ltr'><strong>neque</strong></span> <span class='ocrx_word' id='word_1_319' title='bbox 487 4325 648 4375; x_wconf 90' lang='lat' dir='ltr'><strong>cum</strong></span> <span class='ocrx_word' id='word_1_320' title='bbox 678 4304 811 4375; x_wconf 84' lang='grc' dir='ltr'><strong>ἀεί.</strong></span> <span class='ocrx_word' id='word_1_321' title='bbox 873 4304 1020 4374; x_wconf 83' lang='lat' dir='ltr'><strong>Etsi</strong></span> <span class='ocrx_word' id='word_1_322' title='bbox 1058 4305 1246 4375; x_wconf 88' lang='lat' dir='ltr'><strong>enim</strong></span> <span class='ocrx_word' id='word_1_323' title='bbox 1288 4305 1520 4376; x_wconf 82' lang='lat' dir='ltr'><strong>codex</strong></span> <span class='ocrx_word' id='word_1_324' title='bbox 1547 4305 1609 4374; x_wconf 92' lang='lat' dir='ltr'><strong>A</strong></span> <span class='ocrx_word' id='word_1_325' title='bbox 1638 4316 1710 4375; x_wconf 92' lang='lat' dir='ltr'><strong>et</strong></span> <span class='ocrx_word' id='word_1_326' title='bbox 1738 4305 1952 4376; x_wconf 89' lang='lat' dir='ltr'><strong>editio</strong></span> <span class='ocrx_word' id='word_1_327' title='bbox 1981 4305 2396 4375; x_wconf 87' lang='lat' dir='ltr'><strong>Trincavelli</strong></span> <span class='ocrx_word' id='word_1_328' title='bbox 2425 4315 2617 4375; x_wconf 89' lang='lat' dir='ltr'><strong>recte</strong></span> 
     </span>
     <span class='ocr_line' id='line_1_39' title="bbox 223 4404 2618 4495; baseline 0.002 -23"><span class='ocrx_word' id='word_1_329' title='bbox 223 4404 670 4479; x_wconf 83' lang='grc' dir='ltr'><strong><em>τάκπεσόντα</em></strong></span> <span class='ocrx_word' id='word_1_330' title='bbox 707 4419 1089 4495; x_wconf 82' lang='lat' dir='ltr'><strong>servarunt,</strong></span> <span class='ocrx_word' id='word_1_331' title='bbox 1128 4418 1361 4479; x_wconf 84' lang='lat' dir='ltr'><strong>tamen</strong></span> <span class='ocrx_word' id='word_1_332' title='bbox 1402 4410 1749 4480; x_wconf 87' lang='lat' dir='ltr'><strong>sententia</strong></span> <span class='ocrx_word' id='word_1_333' title='bbox 1796 4409 1867 4478; x_wconf 89' lang='lat' dir='ltr'><strong>in</strong></span> <span class='ocrx_word' id='word_1_334' title='bbox 1902 4407 2409 4480; x_wconf 90' lang='lat' dir='ltr'><strong>Hemsterhusii</strong></span> <span class='ocrx_word' id='word_1_335' title='bbox 2446 4409 2618 4478; x_wconf 89' lang='lat' dir='ltr'><strong>scri-</strong></span> 
     </span>
     <span class='ocr_line' id='line_1_40' title="bbox 225 4511 2615 4598; baseline 0 -20"><span class='ocrx_word' id='word_1_336' title='bbox 225 4518 423 4597; x_wconf 79' lang='lat' dir='ltr'><strong>ptura</strong></span> <span class='ocrx_word' id='word_1_337' title='bbox 479 4511 670 4583; x_wconf 89' lang='lat' dir='ltr'><strong>bona</strong></span> <span class='ocrx_word' id='word_1_338' title='bbox 724 4522 865 4598; x_wconf 83' lang='lat' dir='ltr'><strong>est,</strong></span> <span class='ocrx_word' id='word_1_339' title='bbox 916 4534 1048 4583; x_wconf 93' lang='lat' dir='ltr'><strong>nec</strong></span> <span class='ocrx_word' id='word_1_340' title='bbox 1104 4512 1274 4583; x_wconf 84' lang='lat' dir='ltr'><strong>vitio</strong></span> <span class='ocrx_word' id='word_1_341' title='bbox 1327 4513 1392 4582; x_wconf 90' lang='lat' dir='ltr'><strong>ei</strong></span> <span class='ocrx_word' id='word_1_342' title='bbox 1441 4514 1619 4583; x_wconf 85' lang='lat' dir='ltr'><strong>verti</strong></span> <span class='ocrx_word' id='word_1_343' title='bbox 1675 4513 1983 4584; x_wconf 85' lang='lat' dir='ltr'><strong>debebat</strong></span> <span class='ocrx_word' id='word_1_344' title='bbox 2037 4513 2343 4584; x_wconf 87' lang='lat' dir='ltr'><strong>admissa</strong></span> <span class='ocrx_word' id='word_1_345' title='bbox 2400 4511 2615 4580; x_wconf 89' lang='lat' dir='ltr'><strong>crasis</strong></span> 
     </span>
     <span class='ocr_line' id='line_1_41' title="bbox 219 4613 2613 4712; baseline 0.001 -34"><span class='ocrx_word' id='word_1_346' title='bbox 219 4633 404 4701; x_wconf 79' lang='lat' dir='ltr'><strong>quae</strong></span> <span class='ocrx_word' id='word_1_347' title='bbox 445 4618 773 4712; x_wconf 85' lang='lat' dir='ltr'><strong>exemplo</strong></span> <span class='ocrx_word' id='word_1_348' title='bbox 812 4627 1104 4687; x_wconf 86' lang='lat' dir='ltr'><strong>careret.</strong></span> <span class='ocrx_word' id='word_1_349' title='bbox 1163 4616 1541 4688; x_wconf 88' lang='lat' dir='ltr'><strong>Laudanda</strong></span> <span class='ocrx_word' id='word_1_350' title='bbox 1581 4639 1750 4688; x_wconf 87' lang='lat' dir='ltr'><strong>sane</strong></span> <span class='ocrx_word' id='word_1_351' title='bbox 1787 4626 1895 4687; x_wconf 85' lang='lat' dir='ltr'><strong>est</strong></span> <span class='ocrx_word' id='word_1_352' title='bbox 1932 4616 2291 4710; x_wconf 81' lang='lat' dir='ltr'><strong>diligentia</strong></span> <span class='ocrx_word' id='word_1_353' title='bbox 2331 4613 2613 4683; x_wconf 87' lang='lat' dir='ltr'><strong>Porsoni</strong></span> 
     </span>
    </p>
   </div>
   <div class='ocr_carea' id='block_1_3' title="bbox 306 4732 2201 4797">
    <p class='ocr_par' dir='ltr' id='par_1_6' title="bbox 306 4732 2201 4797">
     <span class='ocr_line' id='line_1_42' title="bbox 306 4732 2201 4797; baseline 0.002 -6"><span class='ocrx_word' id='word_1_354' title='bbox 306 4732 507 4793; x_wconf 78' lang='lat' dir='ltr'><strong>Hmuu.</strong></span> <span class='ocrx_word' id='word_1_355' title='bbox 532 4734 638 4794; x_wconf 80' lang='lat' dir='ltr'><strong>Or.</strong></span> <span class='ocrx_word' id='word_1_356' title='bbox 663 4736 817 4797; x_wconf 87' lang='lat' dir='ltr'><strong>VIII.</strong></span> <span class='ocrx_word' id='word_1_357' title='bbox 2163 4738 2201 4795; x_wconf 91' lang='lat' dir='ltr'>Z</span> 
     </span>
    </p>
   </div>
  </div>
 </body>
</html>
