3328 5326
910 349 1306 426 QUARUND.
1339 352 1569 415 VERBI
1599 352 1770 416 LAT.
1806 353 2034 416 FORM.
2561 354 2687 420 427

314 543 834 628 coniunxerint,
889 565 1034 614 non
1092 544 1375 615 credam
1430 544 1566 616 hoc
1617 567 1843 639 genus
1895 546 2230 638 loquendi
2283 556 2546 618 temere
2591 570 2685 618 ex

312 648 610 739 antiquis
647 647 1138 741 expellendum
1171 669 1351 733 esse,
1389 650 1800 741 praesertim
1834 672 2048 742 quum
2078 649 2448 741 aliquando
2476 652 2685 721 etiam

312 749 539 843 aptius
578 751 795 820 altero
831 751 1055 821 videri
1092 752 1348 844 possit,
1402 761 1479 822 ut
1512 752 1584 823 in
1621 753 1769 823 istis
1806 753 1971 845 ipsis
2008 752 2282 825 duobus
2318 755 2680 847 exempliS,

310 853 383 922 in
432 853 685 945 quibus
734 853 860 924 crit
910 876 1035 948 pro
1087 853 1171 924 sit
1215 855 1696 948 reponendum
1749 866 1978 949 putat,
2042 854 2258 927 Plauti
2309 856 2378 925 in
2427 855 2679 949 Amph.

309 958 418 1026 ΙΙΙ.
454 960 523 1041 3,
560 957 653 1027 1¹7
662 1012 675 1026 .

320 1084 519 1179 -quin
553 1083 736 1155 venis
773 1084 1034 1179 quando
1069 1086 1168 1157 vis
1202 1085 1377 1156 intro
1395 1112 1416 1155 .·
1451 1086 1614 1180 faxo
1651 1086 1835 1158 haud
1870 1086 2230 1182 quidquam
2255 1087 2342 1158 sit
2366 1110 2631 1169 morae;
2698 1115 2754 1167 p.
2772 1104 2835 1152 ιι

303 1223 381 1283 et
417 1212 717 1284 Terentii
756 1217 827 1285 in
862 1213 1197 1308 Adelphis
1220 1214 1302 1311 V·
1340 1218 1407 1300 3,
1443 1218 1560 1286 59.

1755 1368 1870 1439 696
1907 1344 2073 1415 istuc
2107 1344 2371 1416 videro:

624 1453 814 1540 atquc
851 1444 945 1515 ibi
978 1444 1253 1540 favillae
1280 1445 1510 1540 plena,
1546 1447 1721 1542 fumi
1759 1472 1838 1518 ac
1865 1446 2143 1543 pollinis

623 1548 954 1643 coquendo
989 1548 1077 1619 sil
1108 1548 1272 1643 facco
1311 1559 1375 1620 ct
1406 1548 1731 1621 molendo.

515 1677 755 1749 Redeo
792 1680 864 1748 in'
898 1678 1097 1748 viam.
1159 1678 1410 1749 Scribit
1437 1679 1829 1772 Madvigius
1859 1703 1923 1773 p.
1959 1681 2075 1752 79.
2112 1680 2422 1765 „dictum
2453 1690 2561 1750 est
2587 1680 2678 1751 de

301 1783 541 1852 futuro
581 1781 896 1874 simplici,
938 1781 1029 1852 ad
1065 1781 1258 1873 quod
1288 1782 1413 1852 has
1450 1785 1711 1854 formas
1747 1786 1940 1855 initio
1968 1786 2386 1877 pertinuisse
2414 1783 2681 1855 iudica-

297 1884 557 1955 vimus.
616 1884 785 1955 Inde
820 1884 1411 1977 quemadmodum
1447 1886 1535 1956 ad
1572 1890 1876 1959 futurum
1913 1896 2239 1958 exactum
2283 1885 2682 1980 significan-

298 1988 477 2059 dum
512 1990 873 2059 transferri
908 1989 1280 2081 potuerint,
1320 2011 1459 2060 non
1497 2000 1607 2060 est
1632 1991 1863 2061 multis
1892 1991 2131 2061 verbis
2158 1990 2677 2075 declarandum,

297 2114 517 2183 quum
570 2092 642 2161 in
692 2112 776 2162 ea
811 2092 1342 2177 coniunctione,
1387 2093 1457 2162 in
1494 2115 1632 2185 qua
1672 2095 2268 2186 frequentissimus
2303 2095 2515 2166 futuri
2553 2116 2681 2165 ex-

296 2196 442 2265 acti
479 2204 588 2265 est
621 2217 813 2279 usuS,
855 2206 927 2266 et
962 2204 1232 2266 ceteras
1269 2198 1543 2290 linguas
1580 2207 1703 2269 aut
1736 2198 2028 2290 simplici
2058 2200 2287 2269 futuro
2315 2207 2680 2268 contentas

294 2319 462 2368 esse
499 2298 885 2383 videamuS,
925 2308 1024 2383 ut,
1064 2321 1245 2391 quae
1280 2301 1456 2370 ratio
1493 2302 1674 2371 inter
1709 2301 1884 2372 duas
1924 2302 2238 2371 actiones
2275 2304 2538 2372 futuras
2575 2303 2681 2371 in-

291 2400 649 2486 tercedat,
702 2423 795 2471 ex
828 2402 979 2495 ipsa
1017 2404 1506 2474 coniunctione
1543 2416 1614 2475 et
1647 2406 1752 2475 rei
1786 2415 2034 2476 natura
2068 2404 2521 2497 intelligatur,
2562 2414 2683 2477 aut

291 2505 513 2576 etiam
546 2506 897 2598 praesenti
934 2516 1248 2599 tempore
1302 2507 1399 2578 uti
1445 2503 1810 2600 (Graecam
1850 2508 2054 2579 etiam
2093 2510 2351 2580 aoristo
2388 2509 2682 2579 coniun-

291 2606 526 2704 ctivi),
583 2619 653 2679 et
699 2609 1014 2681 eiusdem
1063 2610 1520 2704 simplicitatis
1568 2611 1867 2705 vestigia
1931 2612 2000 2681 in
2052 2612 2293 2684 Latino
2357 2634 2679 2684 sermone

291 2712 746 2806 reperiamus.
808 2714 958 2785 Huc
996 2714 1203 2805 igitur
1239 2715 1601 2787 traductae
1629 2716 1764 2786 hae
1792 2718 2056 2787 formae
2084 2716 2314 2787 locum
2344 2717 2680 2808 aliquam-

289 2817 420 2889 diu
458 2825 865 2902 tenuerunt,
919 2840 1133 2909 quum
1169 2819 1470 2911 priorem
1506 2821 1979 2904 amisissent.“
2059 2817 2152 2890 At
2203 2842 2345 2912 quo
2395 2820 2678 2890 tandem

288 2920 510 2992 modo
548 2921 863 2991 amittere
899 2931 1298 3013 potuerunt,
1339 2922 1475 2991 hoc
1512 2933 1621 2992 est
1654 2925 1970 3015 recipere
2007 2924 2361 2992 notionem
2400 2933 2680 3016 praete-

289 3025 432 3108 riti,
471 3045 677 3115 quam
717 3023 787 3092 in
826 3024 909 3092 iis
950 3024 1039 3106 ab
1087 3023 1280 3094 initio
1327 3025 1584 3095 nullam
1637 3026 1851 3096 fuisse
1901 3027 2191 3095 statuit?
2271 3025 2446 3094 Nam
2495 3027 2553 3095 si
2608 3035 2680 3096 et

292 3129 476 3199 aliae
513 3127 790 3219 linguae
827 3136 899 3197 et
935 3127 1199 3210 Latina,
1237 3127 1358 3197 ubi
1396 3129 1625 3198 futuro
1664 3137 1918 3200 exacto
1945 3128 2281 3199 utendum
2310 3137 2481 3210 erat,
2512 3128 2682 3197 sim-

288 3232 461 3325 plici
511 3232 743 3301 futuro
795 3239 914 3302 aut
956 3231 1306 3323 praesenti
1354 3240 1670 3315 utuntur,
1723 3253 1809 3302 ea
1864 3232 2030 3301 nihil
2081 3243 2190 3304 est
2228 3232 2361 3301 nisi
2398 3231 2678 3301 liberior

291 3335 620 3427 figuratio
659 3334 1003 3403 sermonis
1040 3334 1413 3418 familiaris,
1454 3334 1582 3405 sed
1618 3335 1735 3406 illa
1770 3356 1914 3405 non
1947 3344 2223 3407 mutans
2258 3343 2675 3429 potestatem

293 3451 719 3531 temporum,
758 3458 986 3529 neque
1026 3436 1340 3508 efficiens
1381 3447 1452 3509 ut
1486 3447 1606 3508 aut
1641 3439 1932 3532 simplex
1972 3441 2280 3511 futurum
2317 3448 2438 3509 aut
2471 3460 2677 3532 prae-

291 3563 462 3613 sens
498 3539 1073 3632 significationem
1113 3541 1408 3634 accipiat
1444 3543 1652 3613 futuri
1692 3544 1945 3613 exacti.
2019 3543 2204 3627 Quid
2239 3544 2475 3613 enim?
2509 3564 2675 3613 num

292 3645 491 3739 quod
526 3644 676 3737 ipse
712 3666 777 3736 p.
817 3647 935 3714 85.
980 3642 1271 3736 figurate
1310 3644 1571 3716 dictum
1608 3667 1649 3716 a
1688 3646 2025 3717 Cicerone
2072 3646 2330 3731 attulit,
2372 3645 2673 3729 vicinam,

292 3771 441 3820 non
478 3749 864 3842 perfectum
903 3758 1041 3833 est,
1094 3747 1224 3818 sed
1261 3750 1563 3820 futurum
1602 3752 1976 3822 exactum‘?
2054 3751 2286 3835 Quare
2333 3751 2466 3819 ista
2510 3747 2673 3842 faoeo

293 3864 370 3925 et
419 3851 670 3922 levasso
720 3861 838 3922 aut
888 3852 1146 3943 ubique
1196 3850 1367 3922 nihil
1416 3852 1548 3923 nisi
1594 3853 1930 3970 simplicia
1981 3855 2210 3924 futura
2245 3873 2401 3924 esse
2438 3862 2677 3923 osten-

291 3956 609 4028 dendum
645 3963 816 4039 erat,
856 3964 976 4025 aut
1011 3954 1580 4040 concedendum,
1637 3957 1697 4027 si
1747 3933 1882 4027 vim
1912 3957 2268 4034 haberent
2302 3957 2511 4026 futuri
2549 3977 2677 4025 ex-

293 4060 457 4144 acti,
497 4079 655 4128 eam
693 4069 938 4150 suapte
975 4068 1221 4130 natura
1257 4068 1327 4128 et
1361 4059 1450 4129 ab
1488 4059 1682 4131 initio
1734 4059 2102 4130 habuisse:
2157 4058 2349 4151 quod
2397 4059 2457 4129 si
2499 4081 2677 4131 neu-

294 4175 482 4235 trum
543 4161 909 4254 placebat,
975 4183 1115 4231 non
1180 4162 1347 4233 satis
1411 4172 1561 4233 erat
1622 4163 1944 4234 dictitare
2008 4164 2312 4234 futurum
2379 4162 2675 4257 simplex

294 4266 693 4338 traductum
728 4285 886 4334 esse
924 4264 1014 4334 ad
1054 4267 1355 4337 futurum
1392 4275 1745 4351 exactum,
1775 4267 1904 4337 sed
1930 4276 2319 4337 monstrare
2345 4265 2673 4348 debebat,

294 4370 488 4462 quod
524 4389 753 4461 neque
790 4368 940 4460 ipse
976 4369 1220 4461 potuit,
1259 4390 1391 4440 nec
1428 4370 1792 4462 quisquam
1823 4391 2149 4461 umquam
2177 4371 2455 4463 poterit,
2489 4368 2676 4441 unde

290 4475 368 4543 in
404 4473 703 4566 simplex
740 4473 1045 4542 futurum
1081 4473 1274 4542 notio
1310 4473 1496 4543 illata
1533 4474 1622 4543 sit
1657 4473 2031 4566 praeteriti.
2091 4474 2267 4545 Illud
2295 4469 2684 4550 vehemen÷

289 4586 404 4646 ter
454 4577 698 4661 miror,
751 4575 941 4667 quod
993 4575 1418 4648 Graecorum
1468 4577 1803 4650 aoristum
1851 4576 2273 4676 coniunctivi
2324 4576 2459 4645 boc
2514 4574 2673 4644 loco
