3328 5326
1260 398 1591 459 HYMNUS.
2487 397 2601 458 35⁴

971 593 1039 665 ἐς
1076 589 1148 659 δὲ
1180 589 1321 682 πῧρ
1359 588 1564 684 ἔθηκε
1600 590 1854 680 βῶλον,

975 690 1066 768 ὠς
1104 690 1389 787 σίδηρον
1425 692 1750 786 εὐσθενῆ·

875 797 918 864 5
974 795 1019 863 ά
1057 795 1121 863 δ’
1162 794 1357 871 ὕελος
1393 794 1508 864 οἶα
1552 791 1788 890 κηρός,

973 902 1292 986 ἐξεχεῖτο,
1334 895 1778 989 παμφάγοισι

975 1000 1215 1091 φλοξὶν
1249 998 1747 1103 ἐκπυρέμενος

973 1103 1229 1194 θαῦμα
1265 1104 1329 1172 δ’
1369 1098 1455 1198 ἦν
1493 1105 1662 1173 ιδεῑν
1697 1110 1979 1199 βροτοῖς

979 1205 1180 1276 ὁλκὸν
1215 1210 1286 1277 ἐκ
1305 1206 1541 1333 πυρὸς
1577 1208 1859 1302 ῥέοντα,

830 1311 920 1378 ’10
977 1308 1091 1377 καὶ
1126 1308 1253 1379 τὸν
1288 1308 1582 1404 ἐργάτην
1616 1312 1997 1404 τρέμοντα,

978 1411 1092 1506 μὴ’
1114 1411 1339 1481 πεσών
1376 1413 1741 1508 διαρραγῇ.
2643 1445 2694 1495 ρ.
2713 1433 2773 1479 ⁴2

980 1513 1157 1596 ἐςδὲ
1191 1511 1544 1602 διπτύχων
1573 1513 1799 1605 ἀκμὰς

979 1618 1253 1706 χειλέων
1290 1618 1493 1712 ἔθηκε
1530 1618 1782 1709 βῶλον.

275 1717 341 1786 V.
384 1715 454 1788 7.
500 1719 711 1812 vulgo
760 1721 1323 1814 ἐκπυρεμέναισι.
1411 1720 1550 1790 Sed
1602 1721 1974 1793 Salmasius
2026 1723 2115 1794 ad
2166 1722 2398 1815 script.
2458 1719 2614 1789 hist.

273 1818 434 1914 Aug.
468 1823 539 1892 T.
576 1823 622 1892 Ι.
655 1846 721 1916 p.
756 1824 925 1894 263.
961 1831 1036 1894 ut
1069 1824 1140 1890 in
1178 1822 1421 1893 codice
1459 1833 1587 1907 est,
1643 1822 2182 1920 ἐκπυρούμενος.
2269 1825 2465 1896 Patet
2517 1823 2623 1895 di-

273 1924 547 1996 midium
600 1946 846 1997 versus
897 1925 1259 1996 excidisse.
1352 1927 1636 1998 Videtur
1685 1929 1832 1998 vitri
1888 1929 2183 2000 inventio
2228 1929 2362 2000 hoo
2413 1927 2623 1998 modo

276 2026 616 2123 descripta
652 2030 883 2101 fuisse.

463 2132 667 2203 ὕελον
705 2130 1058 2222 ἀνεκόμιζε
1094 2129 1317 2224 κόψας
1352 2128 1645 2227 ἐργάτας
1682 2131 1856 2230 ἀνήρ
1900 2132 2153 2228 [ποτ-ε’]

464 2240 535 2313 ἐς
574 2234 646 2305 δὲ
679 2235 819 2330 πῦρ
858 2235 1065 2330 ἔθηκε
1098 2235 1349 2326 βῶλον,
1395 2237 1486 2312 ὡς
1526 2235 1812 2332 σίδηρον
1849 2238 2175 2333 εὐσθενῆ·

468 2339 514 2409 ά
556 2336 629 2407 δὲ
663 2337 884 2426 ὕελος,
928 2338 1141 2407 ὁποῖα
1176 2336 1414 2433 κηρός,
1458 2337 1977 2432 [κατατακεΐσα,
2013 2337 2334 2431 ποταμὸς
2368 2335 2515 2431 ὥς,]

468 2446 795 2528 ἐξεχεῖτο,
838 2433 1283 2531 παμφάγοισι
1320 2441 1560 2533 φλοξὶν
1594 2441 2133 2537 ἐκπυρούμενος.

368 2547 410 2615 5
464 2542 728 2634 θαῖμα
768 2543 829 2611 δ’
870 2538 957 2638 ἦν
991 2548 1353 2637 βροτοῖσιν
1391 2543 1594 2616 ὁλκὸν
1630 2549 1702 2616 ἐκ
1737 2545 1954 2639 πυρὸς
1991 2547 2208 2641 ῥέοντ’
2255 2546 2452 2632 ἰδεῖν,

464 2644 587 2718 καὶ
622 2644 750 2717 τὸν
786 2644 1086 2742 ἐργάτην
1120 2648 1501 2741 τρέμοντα,
1547 2648 1643 2743 μὴ
1684 2649 1911 2719 πεσών
1948 2648 2315 2746 διαῤῥαγῇ.

1298 2805 1314 2821 .
1434 2806 1450 2822 .
1509 2757 1577 2829 ἐς
1614 2751 1686 2822 δὲ
1723 2746 2068 2839 διπτύχων
2107 2752 2332 2844 ἀκμὰς

468 2802 771 2943 χειλέων
785 2852 993 2948 ἔθηκε
1026 2853 1251 2969 βωλον
1311 2907 1327 2924 .
1448 2908 1464 2924 .

275 2952 607 3050 Aenigma
634 2954 724 3026 de
754 2956 1155 3048 Sphingem
1183 2954 1455 3026 Anthol
1490 2956 1629 3026 Pal.
1663 2958 1735 3026 T.
1770 2958 1844 3026 ΙΙ.
1878 2979 1940 3050 p.
1971 2959 2136 3028 563.
2172 2957 2272 3026 sic
2301 2957 2630 3047 seriptum

275 3059 555 3153 legitur:

775 3160 1174 3254 Ὲρπουσα,
1214 3162 1621 3251 πετωμένα,
1661 3160 1935 3252 βεβωσα
1969 3155 2216 3255 κούρα,

788 3260 1014 3334 νόθον
1052 3266 1241 3352 ἴχνος
1276 3266 1591 3357 άραμένα
1627 3261 1936 3356 δρομαία
1971 3265 2236 3353 λέαινα,

788 3361 1172 3460 πτερόεσσα
1206 3366 1337 3458 μὲν
1372 3362 1457 3463 ἦν
1492 3364 1581 3436 τὰ
1618 3361 1857 3461 πρόσω
1901 3361 2102 3456 γυνά,

786 3468 878 3540 τὰ
914 3468 987 3539 δὲ
1019 3470 1246 3558 μέσσα
1280 3471 1638 3565 βρέμουσα
1672 3470 1910 3540 λέαινα
1941 3466 2119 3566 θήρ,

691 3576 734 3643 5
787 3571 877 3642 τὰ
914 3573 972 3642 δ’
1015 3571 1311 3643 ὄπισθεν
1346 3569 1788 3662 ἑλισσόμενος
1826 3571 2123 3667 δράκων.

791 3674 944 3745 οὔθ’
988 3674 1188 3751 ὁλκὸς
1223 3676 1623 3770 ἀπέτρεχεν,
1667 3677 1751 3746 οὐ
1787 3674 1991 3764 γυνά,

794 3777 935 3847 οὔτ’
977 3776 1170 3873 ὅρνις
1206 3778 1367 3849 ὅλον
1403 3779 1639 3868 δέμας,
1685 3778 1845 3849 οὔτε
1880 3774 2054 3874 θήρ·

791 3873 962 3976 κόρη
997 3881 1126 3976 γὰρ
1164 3880 1459 3974 ἐφαίνετ’
1501 3880 1664 3952 ἄνευ
1705 3882 1966 3969 ποδῶν,
2078 3902 2083 3905 ·

794 3983 1097 4076 κεφαλὰν
1133 3984 1196 4054 δ
1238 3987 1364 4055 οὐκ
1399 3985 1546 4072 ἔσχε
1581 3986 1940 4079 βρέμουσα
1972 3981 2147 4079 θήρ.

648 4090 738 4157 40
796 4085 1014 4179 φύσιν
1050 4083 1225 4176 εἶχεν
1263 4088 1531 4157 ἄτακτα
1567 4088 2019 4181 κεκραμέναν,

798 4191 1124 4260 ἀτέλεστα
1158 4196 1388 4261 τελεια
1418 4192 1877 4282 μεμιγμέναν.

284 4294 360 4365 In
406 4302 729 4389 promptu
780 4305 888 4364 est
932 4301 1150 4363 totum
1200 4314 1480 4364 carmen
1530 4294 1860 4385 scriptum
1898 4313 2054 4365 esse
2093 4294 2487 4387 anapaestis
2525 4317 2644 4387 cy-

292 4397 460 4468 eliis.
521 4397 660 4468 Sed
699 4397 849 4466 eius
884 4396 1023 4466 duo
1052 4397 1523 4488 primi-versus
1553 4397 1841 4490 turpiter
1870 4398 2176 4490 corrupti
2203 4406 2380 4469 sunt.
2440 4398 2645 4468 Prae-

290 4509 396 4570 ter
448 4501 579 4572 alia
633 4509 862 4571 autem
900 4498 1235 4570 mendose
1277 4499 1530 4591 scripta
1569 4501 1775 4569 etiam
1815 4519 2055 4571 versus
2093 4501 2344 4572 deesse
2378 4500 2646 4571 videtur

291 4614 452 4696 post
486 4627 551 4675 v.
597 4607 666 4674 9.
712 4604 768 4674 si
804 4602 1084 4694 quidem
1122 4603 1210 4673 de
1250 4601 1552 4675 dracone
1589 4623 1866 4695 quoque
1902 4624 2045 4674 non
2082 4604 2350 4697 integro
2386 4601 2644 4694 aliquid
