3328 5326
713 364 745 421 t
760 363 782 420 l
800 366 835 424 6
1461 361 1564 422 DE
1596 358 1947 421 MADVIGll
1980 360 2056 420 ΙΝ
2065 357 2338 419 ΤΕΒΡΒ.

710 553 1113 637 occasione,
1178 574 1263 623 ea
1331 552 1645 646 aperire,
1713 551 1804 622 de
1866 550 2119 643 quibus
2186 571 2345 620 cum
2399 572 2486 621 eo
2541 550 3085 622 dissentiendum

711 669 1044 751 putarem.

914 759 1258 853 Repudiat
1292 758 1683 851 Madvigius
1734 759 1920 828 illam
1973 757 2385 828 divisionem
2423 766 2846 850 temporum,
2888 780 3090 850 quam

710 885 751 933 a
788 863 890 932 Fr.
925 862 1004 932 A.
1041 861 1287 933 Wolfio
1326 861 1686 933 Germanis
1741 864 1835 933 ita
1888 861 2443 932 commendatam
2483 882 2639 931 esse
2678 861 2807 947 ait,
2848 873 2926 932 ut
2963 861 3091 932 iam

707 987 915 1037 nemo
969 969 1114 1057 fere
1166 965 1257 1035 ab
1313 987 1398 1035 ea
1453 966 1823 1037 discedere
1878 964 2151 1036 audeat.
2269 964 2472 1047 Quod
2525 964 2777 1035 Wolfio
2833 965 3091 1048 tribuit,

707 1071 1098 1164 profectum
1147 1080 1254 1139 est
1307 1089 1348 1139 a
1400 1068 1505 1139 Fr.
1552 1070 1748 1162 Volg.
1793 1069 2060 1153 Reizio,
2115 1067 2311 1139 cuius
2371 1067 2627 1138 iudicio
2673 1066 2972 1139 Wolfius
3030 1069 3092 1138 in

712 1172 1102 1244 huiusmodi
1139 1173 1349 1243 rebus
1387 1172 1807 1243 confidebat.
1899 1171 2005 1242 Ab
2043 1171 2177 1242 illis
2216 1171 2419 1262 igitur
2455 1171 2877 1242 dissentiens
2915 1172 3094 1244 haec

708 1277 982 1369 scripsit
1031 1275 1423 1368 Madvigius
1472 1299 1538 1369 p.
1586 1277 1703 1348 62.
1746 1298 1993 1368 »quum
2044 1277 2360 1369 γέγραφα
2406 1285 2478 1344 et
2523 1274 2767 1368 scripsi
2821 1275 3094 1347 dicatur

709 1390 827 1450 aut
867 1378 999 1473 fuit
1039 1376 1240 1449 Ilium
1294 1390 1414 1450 aut
1453 1378 1745 1471 βεβίωκε
1791 1380 1830 1449 ὁ
1883 1381 2105 1466 δεῖνα,
2166 1398 2497 1473 praesens
2551 1388 2824 1472 tempus
2879 1379 3095 1472 signi-

709 1481 900 1552 ficari
952 1484 1196 1553 volunt
1244 1482 1537 1553 actionis
1582 1485 1972 1576 perfect-ae,
2027 1482 2460 1575 apertissime
2513 1504 2744 1552 rerum
2796 1493 3090 1553 naturae

708 1598 1178 1680 repugnantes
1207 1597 1279 1656 et
1305 1587 1652 1656 actionem
1680 1608 1840 1657 cum
1869 1586 2160 1656 actionis
2187 1586 2558 1678 negatione
2595 1596 2665 1655 et
2700 1586 3097 1657 sublatione

708 1689 1277 1761 confundentes«
1367 1690 1676 1781 Iniquius
1727 1689 2149 1783 vituperavit
2200 1690 2307 1759 vir
2362 1689 2867 1761 eruditissimus
2922 1690 3094 1760 Ger-

707 1814 972 1877 manOS,
1013 1794 1132 1886 qui
1167 1803 1435 1864 tantum
1472 1794 1673 1864 abest
1710 1802 1787 1864 ut
1821 1794 2168 1864 actionem
2206 1815 2366 1864 cum
2396 1792 2686 1862 actionis
2718 1795 3096 1885 negatione

709 1896 1169 1981 confuderint,
1219 1894 1435 1991 (quod
1486 1898 1606 1990 qui
1658 1897 1865 1967 faciat
1915 1898 2229 1989 profecto
2268 1897 2551 1966 insanus
2590 1890 2699 1990 sit)
2746 1908 2824 1966 ut
2860 1898 3094 1989 potius

707 2001 777 2072 id
815 2001 1041 2095 ipsum
1078 2001 1457 2084 voluerint,
1509 2000 1630 2071 ubi
1678 2001 1859 2071 actio
1906 2000 2384 2093 praeterisset,
2442 2010 2889 2092 praesentem
2944 2002 3094 2073 eius

705 2105 1151 2198 negationem
1188 2125 1367 2175 esse.
1441 2103 1533 2174 Et
1567 2104 1737 2196 quid
1773 2104 1958 2175 aliud
1994 2106 2066 2174 in
2103 2113 2337 2174 mente
2375 2103 2638 2186 habuit,
2677 2105 2798 2196 qui
2836 2103 3094 2196 sitimus

588 2233 681 2293 μ’.
717 2205 935 2293 Troes,
970 2207 1103 2302 suit
1143 2205 1344 2278 Ilium
1381 2206 1579 2291 dixit,
1619 2229 1828 2300 quam
1865 2206 2024 2292 hoc,
2063 2208 2201 2277 iam
2238 2229 2378 2277 non
2415 2228 2576 2277 esse
2603 2208 2821 2277 Troes
2858 2229 3092 2300 neque

625 2350 632 2356 ·
705 2312 945 2383 Ilium?
1029 2311 1212 2395 Quid
1266 2324 1498 2382 autem
1545 2310 1716 2381 illud
1769 2321 2121 2382 oratorum
2163 2312 2410 2406 εἴρηκα
2445 2321 2516 2380 et
2562 2309 2707 2380 dimi
2755 2321 2905 2395 est,
2962 2313 3092 2382 nisi

705 2413 1068 2485 affirmatio
1095 2411 1492 2508 'praesentis
1529 2415 1824 2485 silentii?
1904 2415 1994 2484 Et
2044 2436 2259 2506 quum
2310 2413 2531 2483 Latini
2583 2413 2935 2484 Graecum
2986 2418 3091 2487 τέ-

704 2527 928 2613 θνηκε
960 2526 1256 2588 mortuus
1292 2526 1389 2587 est
1423 2517 1986 2610 interpretantur,
2024 2539 2258 2588 nonne
2296 2518 2521 2610 ipsum
2557 2517 2853 2589 verbum
2891 2540 3097 2610 prae-

709 2621 924 2691 sentis
963 2621 1293 2713 temporis
1330 2621 1756 2692 notationem
1802 2622 2137 2715 praebet?
2226 2622 2365 2693 Sed
2420 2621 2686 2694 mittam
2741 2624 3092 2716 exempla,

708 2734 1002 2816 utarque
1052 2724 1282 2818 potius
1339 2726 1782 2817 argumentis.
1893 2727 2168 2795 Etenim
2223 2748 2434 2818 quum
2489 2726 2773 2797 omnino
2829 2728 3093 2798 nullum

708 2828 895 2898 verbi
935 2839 1206 2920 tempus
1245 2829 1532 2919 cogitari
1570 2829 1811 2921 possit,
1854 2829 1920 2898 in
1958 2851 2097 2921 quo
2133 2851 2272 2899 non
2303 2830 2463 2900 insit
2489 2830 2770 2921 negatio
2800 2829 3094 2901 aliorum

710 2942 1122 3024 temporum,
1152 2933 1550 3002 necessario
1579 2954 1809 3025 neque
1838 2942 2061 3003 actam
2092 2934 2439 3004 actionem
2475 2954 2718 3025 neque.
2744 2933 3094 3025 agendam

708 3035 906 3106 aliter
940 3058 1150 3129 quam
1187 3057 1299 3120 eo,
1338 3036 1530 3129 quod
1568 3037 1704 3107 iam
1740 3058 1882 3107 non
1921 3037 2168 3129 agitur,
2208 3036 2480 3107 definiri
2517 3037 2700 3107 licet.
2790 3036 3000 3121 Quod
3036 3037 3090 3107 si

708 3150 899 3210 recte
936 3140 1026 3211 de
1061 3140 1437 3212 verborum
1476 3142 1712 3211 formis
1742 3162 2100 3234 exponere
2124 3141 2467 3225 volumuS,
2506 3141 2608 3210 sic
2643 3141 3092 3213 statuendum

707 3244 869 3328 erit,
922 3254 992 3313 et
1048 3244 1118 3312 in
1168 3245 1559 3336 praeteritis
1611 3254 1683 3314 et
1733 3247 1802 3315 in
1857 3246 2101 3315 futuris
2152 3265 2277 3337 per
2332 3243 2623 3336 figuram
2671 3243 3090 3315 rhetoricam

708 3346 1037 3416 affirmari
1073 3357 1513 3444 praesentem
1550 3348 1994 3440 negationem
2043 3348 2372 3430 actionis,
2430 3349 2524 3417 ita
2562 3358 2635 3418 ut
2671 3347 2796 3439 qui
2831 3347 3084 3441 aliquid

708 3470 892 3520 nunc
928 3469 1071 3517 non
1107 3461 1266 3519 e'sse
1301 3449 1539 3519 dicere
1575 3453 1770 3534 velit,
1813 3452 2024 3523 fuisse
2062 3451 2175 3520 vel
2216 3453 2518 3522 futurum
2556 3472 2715 3521 esse
2752 3450 3085 3536 dicat,.ut

708 3551 819 3622 ille
855 3552 973 3643 qui
1014 3549 1269 3644 fuimus
1315 3550 1541 3636 TroeS,
1578 3553 1710 3646 suit
1750 3552 1950 3623 Ilium
1987 3554 2198 3639 dixit,
2238 3564 2360 3625 aut
2393 3555 2452 3624 si
2488 3555 2643 3646 quis
2682 3554 2893 3626 alicui
2948 3554 3077 3636 tali,

706 3656 933 3747 qualis
956 3654 1347 3748 Antigonus
1385 3655 1498 3724 ille
1536 3657 1687 3740 fuit,
1728 3658 1844 3748 qui
1879 3654 2126 3727 δώσων
2161 3659 2693 3750 cognominatus
2730 3669 2866 3742 est,
2908 3659 3088 3730 dicat

708 3757 917 3828 dabis.
991 3758 1259 3832 Eadem
1311 3757 1655 3829 rhetorica
1707 3758 1928 3851 figura
1965 3762 2181 3831 Latini
2221 3762 2294 3830 in
2315 3760 2630 3854 passivis
2677 3762 2778 3832 uti
2823 3784 3081 3856 cogun-

706 3871 850 3944 tur,
906 3883 1120 3953 quum
1170 3862 1360 3955 quod
1398 3860 1669 3932 Graece
1706 3872 1816 3933 est
1848 3864 2148 3959 τέθνηκε
2182 3873 2479 3935 mortuus
2511 3874 2605 3935 est
2637 3864 2911 3950 dicunt,
2950 3886 3082 3937 non

706 3963 776 4031 in
817 3975 1047 4035 mente
1084 3965 1426 4036 habentes
1463 3988 1648 4037 nunc
1687 3966 2062 4057 quemdam
2100 3990 2241 4037 non
2278 3969 2553 4052 vivere,
2592 3968 2724 4039 sed
2759 3979 2928 4040 ante
2979 3969 3077 4040 illa

705 4089 885 4158 quae
920 4090 1106 4140 nunc
1143 4079 1305 4141 sunt
1338 4069 1481 4140 vita
1519 4070 1931 4141 excessisse.
1991 4071 2182 4146 Haec
2218 4094 2429 4165 quum
2466 4093 2607 4142 non
2645 4073 2817 4142 satis
2846 4073 3080 4143 distin-

703 4183 957 4263 gueret·
1001 4172 1426 4264 MadvigiuS,
1483 4196 1548 4266 p.
1600 4175 1720 4246 62.
1772 4173 1865 4243 ita
1917 4175 2224 4268 scripsit:
2293 4197 2702 4267 »sequamur
2755 4177 2968 4267 igitur
3017 4175 3077 4243 in

705 4276 1129 4365 temporibus
1202 4274 1599 4348 dividendis
1677 4286 1997 4348 naturam
2079 4278 2373 4362 ducem,
2452 4279 3078 4372 intelligamusque,

704 4378 1009 4470 loquenti
1059 4400 1201 4449 non
1253 4381 1683 4474 propositum
1736 4402 1925 4468 esse,
1979 4382 2167 4473 quod
2205 4382 2669 4467 demonstret,
2710 4382 3075 4453 discrimen

702 4482 994 4575 perfecti
1056 4493 1128 4551 et
1192 4483 1610 4575 imperfecti,
1668 4484 2021 4555 notionem
2077 4507 2117 4556 a
2171 4487 2621 4578 grammatica
2673 4486 3070 4566 alienarum,

701 4585 827 4657 sed
865 4585 936 4656 id
975 4606 1133 4655 eum
1172 4584 1555 4673 declarare,
1594 4610 1804 4680 quem
1842 4589 2072 4661 locum
2109 4611 2192 4660 ea
2232 4590 2405 4674 visa,
2434 4610 2620 4683 quae
2645 4589 2873 4659 verbis
2911 4608 3069 4658 con-
