3328 5326
690 332 771 391 66
1676 326 2078 399 HESIODUS.

684 521 1040 595 substituti
1077 530 1237 592 sunt
1272 541 1367 589 ex
1404 519 1539 589 alia
1576 518 1986 589 recensione
2022 527 2165 588 tres
2194 538 2439 588 versus
2467 516 2558 588 de
2588 516 2843 600 ParciS,
2882 538 3063 608 quae

597 659 622 685 ο
686 645 901 718 supra
950 646 1015 694 V.
1066 624 1239 696 247.
1283 624 1370 693 ab
1429 622 1713 714 antiqno
1775 631 1982 714 poeta
2028 621 2264 694 Noctis
2317 618 2501 690 filiae
2555 619 2786 691 dictae
2840 630 3060 691 erant.

692 727 1047 798 CXXXVI.
1090 726 1237 798 907
1249 727 1517 799 -944,
1610 727 1838 809 Quum
1891 746 2115 816 usque
2159 724 2251 795 ad
2303 723 2490 795 hunc
2545 724 2776 795 locum
2833 724 3066 797 omnia
3181 776 3184 779 ¹

689 831 1060 905 videantur
1112 829 1413 923 strophis
1461 830 1832 922 quinorum
1885 848 2212 900 versuum
2277 837 2602 909 enarrata
2654 848 2845 913 esse,
2905 850 3067 923 per-

426 1014 433 1019 ,
688 935 941 1007 mirum
978 944 1107 1018 est,
1145 933 1335 1026 quod
1373 934 1507 1005 iam
1544 955 1675 1003 sex
1711 932 2076 1007 continuas
2113 930 2432 1024 strophas
2470 952 2564 1000 ex
2598 930 2817 1003 tribus
2855 931 3067 1003 versi-

536 1071 589 1125 p.
607 1062 671 1107 ιε
694 1039 824 1109 bus
860 1039 1078 1107 factas
1115 1037 1475 1108 habemus.
1533 1036 1625 1105 At
1659 1037 1730 1104 in
1767 1035 2077 1107 secunda
2114 1045 2304 1106 certe
2331 1034 2573 1109 harum
2603 1034 3067 1126 stropharum,

692 1162 873 1233 quae
924 1140 1015 1212 de
1051 1141 1265 1213 Musis
1317 1151 1460 1225 est,
1490 1141 1566 1211 -si
1603 1140 1862 1210 omisso
1900 1161 2104 1211 versu
2146 1137 2318 1210 947.
2358 1139 2643 1211 nomina
2686 1159 2925 1211 earum
2979 1159 3072 1208 ex

690 1268 750 1314 v.
812 1243 931 1315 77.
988 1266 1141 1336 sqq.
1199 1245 1632 1327 inseruntur,
1695 1263 1881 1334 quae
1944 1264 2033 1312 ne
2094 1251 2470 1334 potuerunt
2530 1240 2813 1333 quidem
2875 1251 3070 1311 recte

690 1348 941 1421 abesse
962 1401 981 1432 ,
1021 1348 1327 1440 quinque
1365 1369 1608 1421 versus
1660 1346 2150 1439 implebuntur.
2223 1345 2311 1416 Iis
2360 1355 2591 1417 autem
2633 1365 2814 1436 quae
2861 1364 3070 1438 prae-

689 1451 952 1523 cedunt
995 1451 1304 1523 addendi
1353 1461 1514 1544 post
1548 1473 1613 1521 v.
1650 1448 1799 1520 944
1837 1449 2164 1520 videntur
2206 1469 2453 1519 versus
2502 1452 2673 1521 938.
2716 1449 2889 1518 939.
2931 1448 3070 1519 hoc

688 1555 914 1628 initio:
973 1555 1072 1646 τῷ
1125 1556 1187 1624 δ’
1240 1550 1386 1625 αὖτ’
1439 1552 1808 1629 Ἀτλαντὶς
1855 1551 2100 1648 Μαίη.
2214 1552 2369 1622 Non
2436 1552 2619 1623 enim
2686 1562 2848 1645 apto
2907 1552 3068 1624 loco

686 1659 916 1751 posita
963 1667 1070 1728 est
1124 1658 1304 1731 inter
1346 1656 1793 1750 ignobiliores
1857 1654 2032 1727 deos
2093 1656 2662 1729 commemoratio
2715 1656 3064 1727 Mercurii.
3301 1618 3307 1755 ff

687 1762 788 1831 Ita
855 1762 1096 1832 recisis
1161 1761 1420 1832 deinde
1482 1760 1757 1831 duobus
1819 1781 1959 1829 non
2025 1759 2436 1829 necessariis
2499 1759 2819 1830 versibus
2881 1770 3071 1831 stro-

680 1864 871 1957 phae
934 1865 1443 1937 constituentur
1502 1863 1664 1935 hae:
1744 1863 2122 1933 CXXXVII.
2179 1864 2519 1935 942--94
2543 1861 2607 1933 4.
2665 1865 2835 1934 938.
2889 1866 3066 1934 939.

688 1968 1099 2039 CXXXVIII.
1143 1972 1314 2040 945.
1360 1970 1441 2038 94
1465 1970 1529 2037 6.
1576 1966 1904 2038 77-79,
1979 1965 2337 2037 CXXXIX.
2381 1969 2551 2037 948.
2598 1968 2769 2040 920.
2813 1967 3075 2041 924-

689 2073 861 2144 923.
923 2072 1112 2144 CXL.
1158 2071 1330 2146 924.
1381 2068 1528 2163 (ubi
1572 2070 1975 2143 necessario
2024 2092 2182 2143 cum
2220 2071 2564 2145 Mutzelli0
2603 2079 2672 2140 et
2709 2071 3071 2164 Lennepio
3297 2084 3302 2109 ·‘

684 2174 934 2263 γείνατ’
990 2173 1314 2272 Ἀθήνην
1363 2173 1815 2245 scribendum
1867 2172 1997 2268 est)
2048 2176 2474 2248 926—929.
2549 2172 2768 2242 CXLI.
2813 2176 3076 2244 930-
3293 2128 3304 2287 a

688 2278 861 2349 937.
903 2300 1080 2370 quos
1134 2288 1294 2349 octo
1343 2299 1588 2348 versus
1640 2279 1711 2346 in
1753 2277 1911 2347 libri
1964 2277 2441 2348 Soetbeeriani
2491 2298 2789 2348 censura
2839 2278 2943 2348 sic
2999 2280 3073 2348 in
3301 2290 3302 2341 ι

684 2380 993 2471 quinque
1030 2379 1387 2472 cogendos
1424 2379 1648 2450 videri
1685 2379 1867 2451 dixi:

994 2486 1068 2554 ἐκ
1103 2484 1168 2552 δ’
1202 2482 1678 2578 Ἀμφιτρίτης
1712 2482 1830 2553 καὶ
1863 2480 2239 2578 ἐρικτύπου
2271 2483 2771 2573 Ἐννοσιγαίου

903 2584 1182 2682 Τρίτων
1216 2584 1542 2682 εὐρυβίης
1575 2588 1811 2676 γένετο
1847 2587 2088 2678 μέγας·
2133 2586 2358 2683 αὐτὰρ
2383 2586 2609 2684 ’Ἀρηϊ

890 2685 1239 2786 ῥινοτόρῳ
1274 2692 1648 2783 Κυθέρεια
1690 2688 1934 2781 Φόβον
1969 2690 2087 2762 καὶ
2122 2691 2395 2781 Δεῖμον
2433 2690 2720 2780 ἔτικτεν,

890 2789 1197 2880 δεινούς,
1240 2793 1366 2862 οἵτ’
1408 2792 1685 2887 ἀνδρῶν
1720 2792 2012 2871 πυκινὰς
2047 2787 2407 2865 κλονέουσι
2444 2793 2825 2886 φάλαγγας,

886 2895 1280 2991 Ἁρμονίην
1313 2898 1419 2984 θ’,
1459 2896 1549 2991 ἢν
1583 2892 1888 2986 Κάδμος
1923 2898 2339 2992 ὑπέρθυμος
2370 2899 2519 2970 θέτ’
2563 2897 2864 2969 ἄκοιτιν.

684 2998 929 3070 CXLII.
987 2996 1419 3069 940-944,
1480 2998 1755 3069 CXLIII.
1815 2998 2247 3070 945—949.
2318 2999 2593 3070 CXLIV.
2653 3004 2825 3072 950.
2887 3006 3066 3074 954.

683 3106 856 3174 953.
889 3105 1069 3174 956.
1116 3102 1288 3174 957.
1382 3102 1558 3173 Nam
1608 3103 1728 3195 qui
1777 3104 1955 3178 inter
1989 3103 2121 3175 hos
2156 3103 2367 3175 medii
2403 3113 2566 3174 sunt
2603 3124 2846 3178 versus
2886 3106 3066 3178 954.

684 3208 855 3276 956.
888 3228 974 3276 eo
1011 3207 1232 3298 magis
1271 3206 1596 3278 videntur
1633 3207 2143 3299 interpolatoris
2181 3228 2360 3291 esse,
2399 3206 2590 3298 quod
2626 3229 2716 3277 ne
2755 3210 3071 3284 colorem

681 3308 964 3399 quidem
1009 3310 1368 3401 antiquum
1420 3309 1702 3380 habent.
1781 3310 2026 3380 CXLV.
2071 3311 2500 3384 958-962,
2561 3310 2844 3381 CXLVI.
2886 3316 3063 3390 963.

683 3412 1113 3481 965-968,
1204 3411 1510 3484 CXLVII.
1579 3415 1752 3483 969.
1815 3412 1984 3484 970.
2045 3412 2472 3486 972-974,
2582 3413 2757 3485 Nam
2822 3438 3071 3489 versus

682 3511 818 3583 974
841 3567 856 3583 .
888 3535 980 3584 ex
1006 3513 1367 3606 Odysseae
1404 3515 1482 3584 V.
1519 3515 1688 3587 427.
1723 3515 1911 3586 unde
1947 3516 2096 3587 eius
2132 3518 2318 3611 prior
2353 3538 2514 3610 pars
2551 3527 2850 3611 sumpta,
2894 3543 3072 3592 con-

676 3615 884 3690 fictus
913 3626 1038 3689 est.
1099 3617 1432 3690 CXLVIII.
1468 3617 1900 3706 975—978.
1923 3609 2002 3688 ‘in
2039 3642 2175 3712 qua
2211 3630 2370 3715 post
2403 3643 2471 3691 v.
2506 3620 2677 3694 975.
2709 3623 3071 3700 excidisse

676 3720 949 3792 videtur
981 3742 1222 3793 versus
1241 3773 1259 3806 ‚
1313 3744 1450 3813 quo
1501 3731 1702 3815 pater
1737 3722 2151 3796 Harmoniae
2188 3725 2371 3798 Mars
2418 3736 2843 3798 memoratus
2881 3739 3063 3802 erat.

679 3822 965 3895 CXLIX.
1009 3823 1437 3897 979--983.
1527 3826 1724 3896 Hanc
1784 3826 2142 3920 stropham
2192 3829 2321 3900 etsi
2377 3850 2519 3901 non
2579 3839 2654 3902 ut
2706 3831 3070 3924 antiquam

676 3925 1086 4014 defendam,
1139 3938 1373 4000 tamen
1424 3950 1566 4000 non
1612 3930 1957 4002 assentior
2007 3932 2261 4003 criticis
2306 3933 2423 4023 qui
2475 3953 2629 4006 eam
2682 3943 3070 4029 propterea

676 4029 768 4100 ab
804 4029 942 4102 hoc
977 4030 1285 4104 carmine
1314 4031 1608 4104 alienam
1636 4031 2050 4119 iudicarunt,
2088 4033 2279 4126 quod
2309 4034 2653 4128 Chrysaor
2678 4060 2824 4108 non
2851 4041 3068 4114 fuerit

674 4132 889 4207 homo
935 4136 1264 4212 mortalis.
1339 4135 1507 4219 Quis
1558 4157 1724 4207 vero
1774 4158 1934 4210 eum
1982 4137 2480 4212 immortalibus
2531 4138 3066 4216 adnumeravit?

674 4236 886 4321 Quod
921 4247 1153 4310 autem
1180 4239 1479 4332 scripsit
1515 4239 2007 4332 Goettlingius,
2045 4241 2551 4334 ineptumesse
2588 4243 2800 4316 etiam
2835 4250 3066 4320 παῖδα

673 4338 953 4434 βροτῶν
1014 4338 1392 4436 κάρτιστον
1454 4340 1823 4432 ἁπάντων,
1889 4365 2102 4436 quum
2153 4343 2557 4435 Geryoneus
2619 4368 2763 4418 non
2825 4349 3063 4424 minus

675 4443 884 4516 fuerit
936 4442 1111 4516 deus
1163 4467 1371 4537 quam
1425 4445 1795 4538 Typhoeus
1814 4500 1832 4531 ‚
1891 4446 1963 4518 id
1998 4468 2127 4536 ‚me
2178 4448 2399 4522 fateor
2437 4469 2590 4524 -non
2623 4449 3062 4545 intelligere,

672 4545 1020 4640 siquidem
1057 4547 1188 4618 iste
1225 4549 1400 4622 deus
1428 4548 1834 4641 Geryoneus
1869 4550 1978 4627 his
2015 4551 2181 4644 ipsis
2209 4550 2529 4626 versibus
2558 4551 2811 4628 dicitur
2838 4556 3067 4632 inter-
