3328 5326
766 391 889 452 370
1791 390 2126 452 HYMNUS.

764 584 907 654 τῶν
947 580 1366 666 Βυζαντίων
1417 579 1854 667 ὑπόστασιν,
1910 582 2406 675 πραγματικῶς
2456 579 2935 677 διενοήθησαν
2973 583 3139 677 πρὸς

767 686 851 756 τὸ
887 686 1316 756 καθικέσθαι.
1350 686 1477 779 τῆς
1511 686 1942 778 προθέσεως.
2030 685 2133 753 Ac
2173 694 2316 755 tum
2352 694 2609 768 narrat,
2649 706 2860 776 quam
2898 686 3142 757 callido

769 788 1058 860 consilio
1109 788 1561 873 instituerint,
1629 797 1705 859 ut
1752 809 1999 880 pacem
2066 789 2296 857 facere
2350 797 2768 880 cogerentur
2815 790 3143 882 Byzantii,
3224 855 3225 876 2

768 891 1258 984 concluditque
1296 892 1479 961 illam
1517 892 1987 962 narrationem
2025 913 2086 961 c.
2124 891 2240 963 52.
2276 890 2382 960 his
2419 892 2689 961 verbis:
2751 893 2788 962 ὁ
2839 893 2972 983 μὲν
3027 890 3145 964 οὖν
3224 897 3225 962 l

761 993 1060 1071 Ῥοδίοις
1094 994 1210 1064 καὶ
1240 994 1573 1089 Προυσίᾳ
1601 994 1777 1089 πρὸς
1804 993 2254 1079 Βυζαντίους
2285 994 2544 1072 συστὰς
2570 994 2876 1087 πόλεμος
2905 995 3147 1068 τοιαύ-

765 1123 892 1174 τας
944 1098 1136 1190 ἔλαβε
1190 1098 1317 1175 τὰς
1368 1098 1587 1192 ἀρχὰς
1637 1096 1751 1168 καὶ
1797 1096 1881 1168 τὸ
1935 1098 2154 1175 τέλος.
2250 1097 2449 1167 Nunc
2502 1098 2560 1167 si
2611 1098 3145 1191 Xenophantum
3224 1125 3225 1198 ᾗ

766 1201 987 1286 illum,
1025 1200 1229 1298 quod
1283 1201 1485 1272 facile
1538 1200 1732 1272 credi
1781 1210 2048 1294 potest,
2112 1201 2379 1271 consilii
2433 1201 2613 1273 illius
2667 1213 3032 1274 auctorem
3084 1215 3147 1274 et
3224 1203 3225 1246 ¹

766 1326 1124 1375 suasorem
1166 1304 1376 1375 fuisse
1415 1306 1783 1389 sumimuS,
1824 1315 2177 1375 meruerat
2211 1304 2327 1374 ille
2364 1326 2570 1389 sane,
2627 1317 2703 1376 ut
2746 1307 2810 1376 ei
2865 1319 3148 1400 propter

766 1407 1086 1489 reditum,
1127 1430 1341 1499 quum
1382 1408 1749 1500 prudentia
1787 1408 2016 1502 potius
2053 1428 2263 1500 quam
2302 1408 2372 1477 vi
2409 1408 2595 1479 inter
2623 1411 2814 1481 cives
2845 1420 2918 1480 et
2948 1432 3147 1502 pere·

762 1511 1000 1603 grinos
1040 1533 1249 1603 agere
1289 1513 1667 1597 maluisset,
1708 1511 1984 1605 publice
2025 1512 2249 1582 honor
2277 1511 2796 1584 decerneretur.
2857 1514 3053 1584 Haec
3092 1517 3145 1585 si

762 1615 855 1685 ita
910 1636 987 1685 se
1039 1616 1330 1697 habent,
1385 1616 1591 1686 simul
1645 1614 1736 1685 de
1789 1627 2103 1708 tempore
2151 1616 2498 1685 constabit
2543 1639 2683 1708 quo
2722 1616 3144 1688 Timocharis

762 1719 1134 1790 statuarius
1174 1719 1366 1789 vixit.
1429 1720 1547 1789 Sin
1585 1720 1835 1804 minuS,
1876 1720 2265 1810 falsumque
2304 1726 2411 1789 est
2448 1716 2705 1791 νόστου
2731 1717 2971 1815 χάριν,
3009 1744 3143 1793 non

760 1822 972 1893 video
1023 1823 1189 1914 quid
1247 1822 1432 1893 aliud
1484 1845 1732 1915 quam,
1786 1822 1977 1915 quod
2034 1831 2267 1892 tamen
2316 1844 2526 1915 aegre
2579 1824 2831 1908 feram,
2891 1828 3142 1918 νοεροῦ

760 1926 967 2021 χάριν
1004 1927 1303 2020 positum
1342 1927 1558 1998 fuisse
1597 1927 1904 1998 credam.
1981 1925 2120 1998 Sed
2160 1926 2420 2019 reliqua
2460 1937 2567 1997 est
2604 1927 2736 1997 alia
2774 1928 3138 2000 dubitatio.

764 2029 993 2100 Ultimi
1029 2053 1277 2102 versus
1315 2031 1584 2101 litterae
1624 2031 1800 2102 haec
1837 2031 2212 2123 praebent

1122 2136 1351 2205 ταῦτα
1393 2133 1509 2205 καὶ
1545 2133 1907 2206 εὐκλείνων
1942 2122 2328 2228 γράμματα
2369 2132 2748 2250 Πιερίδων.

759 2234 850 2305 At
884 2239 1112 2329 primo
1146 2237 1488 2315 εὕκλεινος
1524 2260 1869 2329 nusquam
1907 2238 2265 2308 inventum
2302 2247 2411 2306 est
2448 2236 2580 2306 nisi
2616 2239 2686 2307 in
2723 2239 3139 2310 Aristotelici

760 2341 944 2433 pepli
999 2342 1500 2433 epigrammate
1554 2343 1675 2414 25.
1732 2342 1849 2413 ubi
1912 2341 1982 2411 id
2050 2350 2240 2411 recte
2311 2340 2596 2433 quidem
2650 2342 3137 2434 expellendum

760 2443 1091 2514 iudicavit
1142 2444 1722 2515 Schneidewinus
1771 2445 1841 2514 in
1887 2444 2219 2536 Philologi
2275 2444 2606 2515 fasciculo
2660 2444 2882 2537 primo
2917 2470 2982 2540 p.
3023 2450 3133 2517 36.

760 2546 888 2617 sed
942 2569 1151 2638 quam
1196 2548 1559 2640 proposuit
1603 2548 1783 2618 illius
1837 2549 2352 2641 epigrammatis
2406 2547 3004 2634 emendationem,
3062 2573 3134 2620 ea

761 2649 1029 2720 admitti
1067 2651 1253 2721 nullo
1290 2651 1504 2723 modo
1541 2662 1790 2774 potest.
1852 2652 2140 2725 Videtur
2176 2652 2275 2722 sic
2314 2674 2472 2723 esse
2510 2652 3033 2745 corrigendem:

1070 2752 1444 2850 Δηϊπύλου
1479 2756 1766 2851 μορφῆς
1801 2757 2095 2833 εὐειδεός
2124 2754 2519 2850 Ὀρμενίοιο

1170 2859 1420 2974 μνῆμα
1455 2855 1608 2930 τόδ’
1647 2860 1934 2947 εὐκλεές,
1977 2861 2062 2929 ὃν
2097 2858 2376 2949 γείνατο
2427 2856 2899 2950 Ίληπόλεμος.

755 2946 1026 3032 Deinde
1065 2973 1298 3031 autem
1342 2962 1544 3032 nimis
1596 2963 1812 3054 inepti
1849 2973 1919 3032 et
1956 2963 2208 3033 stolide
2249 2973 2651 3053 arrogantes
2691 2963 2978 3033 fuissent
3016 2965 3125 3048 illi,

753 3066 872 3158 qui
910 3065 1046 3135 hoc
1084 3067 1510 3158 epigramma
1547 3064 2068 3137 inscribendum
2106 3075 2458 3149 curarunt,
2498 3066 2557 3136 si
2585 3065 2801 3136 hosce
2825 3069 3126 3138 versicu-

753 3171 855 3240 los
892 3191 1033 3239 non
1071 3170 1281 3240 modo
1320 3169 1704 3264 Πιερίδων,
1761 3170 1887 3240 sed
1943 3170 2122 3240 adeo
2173 3171 2456 3240 κλεινῶν
2508 3152 2862 3264 Πιερίδων
2910 3171 3121 3264 γράμ-

711 3300 953 3363 .ματα
1001 3283 1391 3343 vocassent.
1493 3273 1594 3343 Ea
1647 3273 1852 3367 culpa
1904 3296 2043 3344 non
2100 3274 2476 3343 liberantur
2531 3273 2872 3365 scriptura
2922 3295 3115 3365 quam

752 3376 1037 3445 Rossius
1088 3376 1642 3460 commendavit,
1704 3398 2128 3470 quamquam
2180 3378 2562 3448 litterarum
2606 3398 2789 3468 quae
2840 3377 3116 3449 traditae

753 3489 914 3550 sunt
951 3479 1190 3549 formis
1230 3480 1925 3551 convenientissima:

1066 3572 1281 3674 φαντὶ
1315 3572 1433 3652 ’καὶ
1473 3588 1543 3652 οἱ
1578 3580 1851 3654 ταύταν
1889 3582 2149 3654 νόστου
2186 3580 2392 3678 χάριν
2421 3580 2656 3653 εἰκόνα
2681 3584 2927 3660 θέντες

1166 3686 1397 3755 ταῦτα
1433 3684 1549 3755 καὶ
1589 3687 1859 3757 εὐκλειᾶ
1889 3684 2279 3780 γράμματα
2315 3685 2696 3780 Πιερίδων,

595 3828 643 3880 p,
671 3819 729 3865 ⁴3
753 3789 883 3859 Pro
920 3788 1184 3859 εὐκλειᾶ
1222 3788 1432 3859 etiam
1468 3789 1789 3860 εὐκλειῶν
1825 3791 2036 3861 scribi
2088 3811 2295 3882 posse
2340 3790 2455 3859 ait.
2538 3789 2630 3858 At
2673 3789 2806 3860 hae
2854 3808 3113 3882 quoque

755 3894 1016 3965 formae
1069 3914 1207 3963 non
1263 3894 1558 3964 usitatae
1611 3903 1803 3977 sunt,
1856 3893 2186 3986 quodque
2236 3893 2718 3985 gravissimum
2758 3904 2897 3978 est,
2935 3895 2992 3963 si
3028 3893 3109 3961 sic

751 3997 1097 4082 scribitur,
1138 4019 1276 4069 non
1317 4007 1425 4068 est
1453 3996 1564 4067 hic
1593 4017 1823 4067 sermo
1852 3999 1984 4068 τοῦ
2021 4050 2037 4066 .
2080 4049 2096 4066 .
2140 4050 2158 4068 .
2193 3994 2467 4067 τιδείων
2496 3997 2768 4085 κοινοῦ,
2803 3996 2928 4068 sed
2960 3996 3112 4065 alio-

754 4122 926 4182 rum,
966 4122 1043 4170 se
1080 4123 1383 4192 quoque,
1425 4100 1541 4192 qui
1581 4099 1715 4170 hoc
1753 4111 2278 4172 monumentum
2325 4100 2710 4191 posuerint,
2763 4122 2919 4172 cum
2959 4099 3114 4181 civi-

747 4202 880 4272 bus
910 4213 980 4272 et
1006 4205 1391 4296 peregrinis
1421 4204 1512 4274 de
1542 4202 1749 4274 laude
1778 4204 2223 4297 Xenophanti
2255 4204 2648 4274 consentire
2678 4205 3108 4274 narrantium.
3220 4296 3221 4299 Ἴ

749 4304 1085 4377 Videntur
1120 4318 1415 4400 utroque
1455 4308 1743 4377 crimine
1781 4317 1852 4376 et
1881 4309 2222 4378 sermonis
2250 4308 2626 4400 pugnantia
2657 4308 2835 4376 inter
2861 4328 2935 4377 se
2962 4326 3111 4398 pro-

748 4410 1035 4479 ferentis
1073 4421 1143 4479 et
1178 4413 1424 4482 stultae
1464 4413 1903 4502 arrogantiae
1941 4410 2219 4480 liberari
2249 4432 2478 4504 posse,
2511 4412 2568 4482 si
2598 4411 2818 4502 quinti
2845 4420 2913 4479 et
2939 4405 3106 4478 sexti

747 4535 993 4585 versus
1044 4513 1233 4583 initia
1269 4537 1409 4585 non
1449 4525 1639 4585 recte
1679 4536 2015 4608 expressa
2067 4525 2261 4585 sunt:
2317 4514 2527 4606 idque
2582 4536 2669 4584 eo
2728 4512 3106 4584 credibilius

747 4628 875 4702 est,
917 4617 1106 4711 quod
1135 4618 1363 4703 etiam,
1397 4630 1470 4689 ut
1498 4618 1780 4690 Rossius
1811 4621 2044 4703 refert,
2077 4619 2316 4688 tertius
2347 4639 2592 4688 versus
2623 4619 2691 4688 in
2723 4613 3106 4710 apographo
