3328 5326
87 2029 90 2112 l

87 2457 90 2476 t

1178 402 1609 465 EURIPIDES.
2465 408 2535 468 2⁴
2556 409 2581 467 ⁴

227 595 628 679 carentibuS,
673 606 745 665 ut
782 593 971 688 apud
1007 594 1363 665 Platonem
1409 595 1475 663 in
1514 596 1897 688 Protagora
1934 620 1999 690 p.
2046 598 2216 668 353.
2260 599 2338 668 D.
2376 599 2464 669 de
2505 600 2588 671 iis

225 721 387 791 quae
425 697 668 770 suavia
704 707 891 784 Sunt,
936 697 976 767 ὅ
1011 726 1084 767 τι
1119 695 1458 789 μαθόντα
1484 698 1755 794 χαίρειν
1780 705 1995 770 ποιεῖ.
2058 701 2589 794 Apertissimum

234 802 342 873 hoc
382 811 489 873 est
526 823 635 886 eo,
674 801 861 894 quod
900 801 1149 871 iisdem
1179 802 1411 873 verbis
1453 813 1525 872 et
1559 803 1832 874 sincere
1871 803 2038 896 quid
2075 805 2231 896 quis
2270 804 2592 877 didicerit

233 908 320 976 vel
359 905 705 977 audiverit
755 925 1096 997 quaerore
1144 915 1215 975 et
1266 928 1425 977 cum
1463 907 2008 1000 reprehensione
2049 908 2427 980 vanitatem
2463 931 2592 980 no-

229 1019 356 1080 tare
395 1030 799 1103 possumuS,
854 1019 926 1079 ut
963 1009 1021 1079 si
1057 1009 1211 1100 quis
1250 1009 1664 1104 paedagogo
1705 1011 1893 1082 dicat
1927 1008 2002 1081 τί
2033 1012 2298 1102 μαθών
2335 1016 2592 1092 παῖδας

225 1112 590 1207 .ὸ“ιὸ“άσκεις,·
645 1112 1051 1184 diurnorum
1097 1113 1418 1207 scriptori
1474 1124 1706 1185 autem
1757 1114 1833 1184 τί
1872 1113 2136 1206 μαθών
2173 1119 2592 1213 τεθνηκέναι

226 1244 293 1307 ,με
332 1216 686 1310 ἔγραψας,-
727 1216 987 1286 Poterit
1023 1216 1228 1308 igitur
1278 1238 1449 1287 sane
1485 1216 1559 1287 τί
1593 1217 1856 1309 μαθών
1894 1218 2211 1302 defendi,
2252 1219 2462 1291 modo
2502 1242 2593 1291 ne

223 1320 359 1411 quis
398 1319 680 1390 differre
718 1319 1224 1411 significatione
1262 1342 1302 1390 a
1336 1320 1413 1391 τί
1443 1321 1703 1392 παθών
1744 1321 2115 1391 existimet.
2178 1323 2426 1393 ,Nihilo
2465 1325 2597 1394 mi-

233 1445 337 1495 nus
367 1419 604 1494 licebit
641 1423 997 1508 dubitare,
1039 1445 1159 1509 an,
1199 1446 1413 1516 quum
1450 1422 1744 1513 πάσχειν
1780 1453 1852 1495 τι
1888 1425 2248 1518 multiplici
2284 1449 2416 1497 usu
2454 1429 2597 1498 fre-

234 1538 583 1619 quentetur
633 1527 903 1597 Graeco
956 1527 1301 1612 sermoni,
1338 1528 1485 1598 veri
1540 1528 1829 1599 similius
1865 1530 1952 1598 sit
1990 1549 2078 1598 ne
2119 1529 2401 1600 minimo
2438 1532 2597 1623 qui-

226 1631 369 1700 dem
410 1652 535 1701 eos
573 1629 973 1701 discrimine
1024 1629 1101 1701 τί
1134 1630 1390 1702 παθών
1427 1642 1498 1701 et
1532 1630 1609 1701 τί
1642 1631 1906 1722 μαθών
1945 1655 2343 1724 usurpasse,
2384 1657 2593 1726 quam

229 1743 636 1826 permutatas
674 1757 713 1804 a
752 1734 998 1805 scribis
1050 1756 1568 1826 nonnumquam
1608 1757 1768 1805 esse
1806 1737 2238 1828 perpaullum
2276 1736 2594 1808 diversas

233 1838 494 1909 litteras,
569 1837 645 1908 Id
685 1838 1071 1909 diiudicare
1110 1860 1355 1909 eorum
1392 1840 1545 1923 erit',
1585 1840 1701 1931 qui
1741 1840 1992 1909 multos
2032 1838 2314 1911 codices
2352 1863 2595 1911 versa-

231 1953 386 2012 runt.
446 1941 726 2011 Interim
763 1963 1118 2033 quaeram,
1159 1940 1348 2033 quod
1387 1942 1670 2014 Photius
1709 1952 1780 2013 et
1807 1943 2195 2036 Hesychius
2230 1943 2306 2014 τί
2328 1942 2595 2035 μαθών

230 2056 294 2114 et
332 2067 471 2115 non
519 2046 727 2115 etiam
779 2044 856 2114 τί
888 2042 1149 2117 παθών
1196 2044 1650 2135 adnotarunt,
1705 2047 1884 2116 sitne
1937 2047 2003 2117 id
2057 2047 2281 2139 ipsum
2337 2048 2593 2118 indicio

239 2148 734 2219 memorabilem
771 2149 876 2233 iis,
917 2159 994 2220 ut
1029 2150 1339 2242 saepiuS,
1383 2151 1599 2220 visam
1651 2171 1810 2221 esse
1860 2151 2214 2221 inventam
2252 2151 2320 2219 in
2351 2152 2593 2244 paucis

237 2252 379 2322 locis
417 2252 664 2323 falsam
702 2253 1139 2344 scripturam.

413 2355 655 2426 Redeo
692 2356 783 2426 ad
811 2356 1139 2426 Troades
1199 2357 1549 2427 Posterior
1586 2378 1747 2449 pars
1785 2356 2229 2449 stropharum
2267 2358 2593 2428 carminis

231 2479 351 2548 quo
389 2458 642 2531 chorus
679 2481 719 2529 a
761 2482 827 2535 v.
880 2461 1050 2532 526.
1099 2462 1450 2531 funestum
1497 2460 1756 2531 exitum
1809 2460 2179 2545 describit,
2220 2483 2430 2553 quem
2467 2461 2596 2531 ha-

232 2561 437 2632 buerit
472 2562 737 2633 laetitia
774 2564 1225 2635 Troianorum
1280 2563 1677 2634 introducto
1729 2565 1799 2633 in
1838 2585 2071 2634 arcem
2111 2585 2295 2656 equo
2335 2565 2592 2658 ligneO,

239 2665 392 2737 vitiis
428 2668 846 2759 quibusdam
886 2669 1162 2739 turbata
1201 2680 1330 2754 est,
1371 2690 1552 2761 quae
1581 2669 1832 2761 partim
1862 2669 2196 2740 librorum
2239 2691 2395 2762 ope,
2436 2692 2598 2764 par-

232 2769 337 2837 tim
373 2771 771 2843 coniectura
806 2773 1057 2864 corrigi
1094 2781 1408 2865 possunt,
1449 2772 1507 2842 si
1547 2773 1701 2864 quis
1731 2771 2131 2865 diligentiae
2167 2794 2436 2843 memor
2464 2783 2594 2858 est,
2670 2803 2683 2816 ·

242 2893 355 2962 qua
388 2895 508 2967 pes
544 2875 709 2968 pedi
747 2877 1029 2968 aequari
1067 2877 1265 2946 solet.
1351 2877 1438 2945 Et
1488 2876 1641 2967 quis
1688 2897 1830 2945 non
1871 2878 2257 2960 miraretur,
2299 2878 2355 2946 si
2392 2877 2600 2948 Euri-

241 2974 446 3065 pideS,
497 3001 712 3071 quum
762 2977 1097 3073 νύκτερον
1157 2979 1229 3048 in
1271 2988 1598 3072 promptu
1658 2988 1879 3064 esset,
1938 2980 2297 3049 maluisset
2350 2978 2597 3068 νύχιον

231 3079 563 3152 scribere?
616 3082 846 3153 Cuivis
885 3081 1143 3173 aliquid
1181 3082 1603 3153 exscribenti
1661 3081 1920 3152 accidit
1965 3093 2041 3152 ut
2086 3092 2431 3174 permutet
2469 3104 2598 3152 vo-

231 3181 467 3254 cabula
515 3185 703 3256 idem
752 3185 1234 3278 significantia.
1318 3184 1656 3255 Videntur
1704 3207 1871 3278 ergo
1924 3186 2036 3254 illa
2085 3207 2125 3254 a
2176 3208 2241 3255 v.
2281 3184 2451 3255 534.
2492 3186 2595 3256 sic

234 3289 706 3360 constituenda
726 3314 739 3359 :

387 3393 392 3398 ’
884 3390 1186 3464 τάλαινα
1223 3389 1680 3485 δοριάλωτος,
1724 3387 1858 3462 εὖτ’

736 3500 827 3568 40
886 3497 1153 3567 ἔλειπον
1192 3504 1405 3567 ἵππον
1443 3493 1743 3591 οὐράνια

885 3601 1243 3694 βρέμοντα
1278 3597 1825 3694 χρυσοφάλαρον
1862 3599 2009 3670 ἔνο-

887 3708 1060 3774 πλον
1096 3707 1171 3773 ἑν
1206 3700 1455 3778 πύλαις
1486 3702 1795 3791 'Ammoi‘

1045 3806 1182 3876 ἀνὰ
1218 3807 1278 3877 δ’
1322 3803 1612 3898 ἐβόασεν
1654 3803 1821 3883 λεώς

900 3907 1232 4005 Τρῳάδος
1269 3909 1408 3979 ἀπὸ
1448 3909 1742 3986 σταθεὶς
1782 3912 2073 4004 πέτρας·

738 4015 831 4084 45
893 4014 1004 4102 ἴτ’,
1042 4009 1094 4082 ὦ
1131 4014 1567 4103 πεπαυμένοι.
1602 4010 1868 4101 πόνων,

891 4114 1037 4187 τόδ’
1082 4117 1272 4211 ἱερὸν
1310 4115 1596 4205 ἀνάγετε
1636 4111 1892 4197 ξόανον

885 4217 1126 4290 Ἰλιάδι
1163 4221 1462 4307 διογενεῖ
1492 4218 1697 4313 κόρᾳ.

888 4322 999 4400 τίς
1038 4322 1164 4392 οὐκ
1200 4322 1325 4413 ε”βα
1361 4323 1683 4409 νεανιῶν,

892 4426 1002 4503 τίς
1039 4427 1123 4495 οὐ
1159 4423 1437 4519 γεραιὸς
1471 4429 1542 4496 ἐκ
1581 4424 1864 4519 δόμων,-

740 4531 834 4602 20
891 4530 1302 4624 κεχαρμένοι
1339 4528 1408 4597 ’δ’
1451 4529 1724 4606 ἀοιδαῖς

1052 4629 1285 4703 δόλιον
1323 4631 1524 4721 ἔσχον
1565 4631 1770 4703 ἄταν.

2100 4749 2194 4811 02

2615 3823 2749 3885 μυ
