3328 5326
642 399 762 460 430
1393 397 1496 459 DE
1527 395 1874 459 MADVIGII
1904 395 1981 459 IN
1986 394 2254 457 TERPB.

637 614 923 675 amasae,
965 599 1035 661 et
1070 609 1398 672 amavere,
1438 609 1689 657 amaro.
1750 587 2246 659 Coniunctivus
2281 587 2477 658 istius
2514 585 2778 678 antiqui
2804 606 3011 678 prae-

640 696 857 765 sentis
894 715 1074 763 esum
1108 691 1385 763 videtur
1419 689 1583 761 esim
1621 691 1871 774 fuisse,
1908 713 2004 760 ex
2038 712 2176 782 quo
2212 690 2466 761 mansit
2506 690 2635 760 eim
2669 690 2784 759 vel
2820 688 3005 772 sient,

636 810 717 868 ut
767 800 834 868 in
887 798 1116 888 lingua
1166 795 1514 865 Sanscrita
1558 817 1768 887 cyam.
1870 794 1975 863 Ea
2026 793 2416 865 terminatio
2469 794 2619 863 sive
2669 794 3007 886 perfectu,

640 903 790 971 sive
842 902 1070 971 futuro
1124 908 1377 968 exacto
1430 897 1926 990 adiungeretur
1945 951 1963 981 ,
2015 897 2301 989 gignere
2346 896 2589 967 debuit
2625 895 3009 980 amavesim,

641 1002 952 1073 amassim
988 1011 1059 1072 et
1096 1000 1478 1086 amaverim,
1536 999 1843 1071 amarim.
1920 1000 2119 1071 Nunc
2167 1002 2382 1072 utrius
2439 1010 2568 1085 est,
2624 1000 3014 1093 perfectine

643 1127 730 1176 an
782 1105 986 1177 futuri
1041 1105 1316 1174 exacti‘?
1389 1103 1735 1176 Ponamus
1772 1105 2128 1197 exempla:
2189 1102 2399 1174 levavi
2435 1112 2494 1173 te
2528 1102 2656 1173 hac
2690 1124 2892 1173 cura.-
2942 1110 3017 1171 tu

640 1230 838 1302 royac
874 1231 962 1278 an
996 1216 1055 1277 te
1092 1206 1414 1278 levarim?
1489 1207 1613 1277 Hic
1649 1208 1934 1299 quidem
1969 1208 2133 1299 quin
2171 1209 2463 1300 perfecti
2500 1207 2587 1277 sit
2626 1206 3018 1278 coniuncti-

637 1334 783 1396 vuS,
826 1311 1120 1382 dubitari
1158 1312 1341 1382 nullo
1369 1310 1579 1381 modo
1608 1321 1862 1404 potest,
1901 1310 2088 1403 quod
2128 1311 2194 1380 in
2232 1333 2320 1381 eo
2355 1311 2525 1379 nihil
2564 1311 2768 1403 plane
2806 1309 3014 1381 futuri

639 1415 837 1485 inest.
948 1414 1163 1486 Aliter
1217 1415 1285 1483 in
1336 1415 1457 1484 tali
1507 1414 1855 1507 exemplo:
1909 1413 1971 1484 si
2017 1412 2234 1507 fecero
2283 1413 2456 1507 qaod
2502 1412 2708 1497 iubes,
2750 1435 2917 1483 cura
2953 1420 3013 1481 te
3086 1439 3100 1453 ·

640 1517 999 1589 liberavero
1018 1544 1039 1587 .·
1098 1525 1167 1587 at
1218 1525 1434 1587 metuo
1486 1540 1568 1586 ne
1587 1570 1605 1601 ,
1657 1516 1718 1587 si
1769 1516 1897 1588 Ιιασ
1944 1539 2105 1587 cura
2153 1525 2211 1586 te
2259 1515 2708 1600 liberaverim,
2762 1515 2904 1587 alia
2952 1524 3009 1585 te

637 1621 904 1716 gravior
939 1644 1101 1692 cura
1134 1629 1416 1691 maneat.
1499 1620 1617 1690 Vel
1653 1621 1712 1689 si
1749 1631 1989 1692 notum
2030 1620 2218 1704 illud,

947 1749 984 1794 o
1031 1723 1191 1803 Tite,
1228 1723 1289 1794 si
1325 1722 1485 1818 quid
1519 1746 1636 1818 eqo
1674 1723 1912 1793 adiuro
1949 1746 2255 1793 curamve
2290 1722 2540 1793 levasso
2553 1749 2575 1792 .-
2625 1794 2628 1797 ,

946 1826 1181 1922 ecquid
1215 1827 1340 1897 erit
1365 1826 1655 1921 praemi,

642 1933 709 2000 in
746 1932 1101 2023 obliquam
1138 1932 1521 2001 orationem
1573 1931 2085 2014 transferimus,
2137 1928 2401 2023 quaeris
2446 1928 2678 2023 ecquid
2720 1928 3014 2023 praemii

639 2035 939 2129 futurum
974 2034 1080 2117 sit,
1119 2033 1178 2103 si
1216 2032 1376 2127 quid
1410 2042 1470 2103 te
1506 2032 1876 2104 adiuverim
1911 2055 2149 2103 curave
2184 2031 2557 2102 levaverim.
2615 2032 2674 2102 N
2679 2054 2770 2102 on
2808 2034 3018 2102 mira-

644 2140 803 2223 bor,
854 2138 909 2208 si
959 2137 1112 2230 quis
1159 2137 1289 2207 hos
1327 2147 1615 2207 censeat
1651 2137 2132 2208 coniunctivos
2170 2157 2327 2206 esse
2365 2136 2574 2206 futuri
2610 2137 2875 2220 exacti,
2924 2136 3021 2205 si-

644 2244 783 2312 cuti
817 2242 1073 2312 Gellius
1101 2242 1328 2310 XVlll.
1363 2243 1430 2314 2.
1468 2242 1855 2333 quaesitum
1891 2260 2050 2311 esse
2086 2248 2341 2323 narrat,
2380 2238 2784 2333 scripserim,
2822 2262 3020 2310 vene-

485 2377 538 2429 p.
560 2368 620 2414 ⁴7
642 2345 806 2429 rim,
873 2344 1175 2439 leqerim,
1242 2345 1438 2414 cuius
1501 2344 1834 2438 temporis
1886 2344 2107 2414 verba
2159 2353 2424 2427 essent,
2481 2343 2870 2435 praeteriti,
2928 2365 3017 2413 an

646 2450 889 2532 futuri,
930 2471 1014 2517 an
1054 2448 1447 2540 utriusque,
1494 2469 1634 2517 non
1673 2447 1784 2516 ille
1823 2456 2051 2517 tamen
2092 2446 2361 2517 addens
2398 2446 2565 2537 quid
2600 2467 3020 2538 responsum

645 2552 868 2622 fuerit.
960 2550 1050 2619 At
1094 2572 1264 2620 vero
1305 2550 1686 2620 videndum
1723 2559 1829 2621 est
1866 2572 1955 2619 ne
1994 2550 2185 2620 fallat
2232 2549 2466 2643 opinio
2502 2550 2822 2641 quamvis
2860 2571 3020 2642 spe-

647 2655 859 2725 ciosa,
916 2653 1089 2723 Nam
1118 2676 1333 2746 quum
1360 2653 1580 2723 Latini
1610 2653 2024 2725 coniunctivi
2050 2653 2227 2725 haec
2255 2653 2363 2724 vis
2395 2654 2505 2738 sit,
2544 2662 2620 2725 ut
2655 2654 3020 2724 veritatem

645 2758 748 2827 rei
799 2756 1078 2829 aliunde
1126 2778 1535 2849 suspensam
1583 2757 1876 2842 indicet,
1932 2756 2081 2827 fieri
2118 2758 2191 2828 id
2228 2757 2447 2829 tribus
2492 2757 2717 2828 modis
2763 2767 3016 2851 potest,

643 2862 864 2954 primo
903 2861 969 2929 in
1011 2861 1303 2953 simplici
1341 2861 1845 2944 enuntiatione,
1899 2870 1974 2931 ut
2022 2859 2328 2954 fecerim,
2380 2861 2529 2931 sive
2568 2860 2640 2932 id
2676 2870 2788 2931 est
2827 2860 3016 2956 fingo

641 2987 754 3036 me
807 2965 1096 3049 fecisse,
1136 2964 1283 3034 sive
1321 2965 1526 3058 cupio
1576 2965 1860 3047 fecisse3
1917 2964 2173 3035 deinde
2219 2964 2310 3035 ad
2362 2963 2569 3034 finem
2622 2964 3020 3057 significan-

642 3068 832 3153 dum,
870 3078 947 3140 ut
983 3076 1170 3163 optas
1204 3076 1277 3137 ut
1308 3066 1601 3161 fecerim,
1640 3066 1886 3138 vereris
1920 3091 2002 3137 ne
2039 3067 2346 3162 fecerim;
2397 3067 2699 3160 denique
2738 3065 2807 3137 in
2847 3090 3018 3139 con-

643 3173 955 3269 ditione,
995 3181 1068 3242 ut
1103 3171 1162 3241 si
1195 3171 1465 3266 fecerim
1502 3173 1618 3242 vel
1655 3193 1856 3265 quum
1904 3170 2209 3266 fecerim,
2261 3193 2301 3241 a
2349 3193 2488 3263 quo
2526 3171 2875 3243 diversum
2912 3181 3020 3243 est

645 3276 808 3346 illud
862 3276 1206 3366 singulare
1244 3287 1316 3345 et
1349 3276 1704 3369 proprium
1743 3275 2024 3344 Latinae
2065 3275 2341 3367 linguae
2386 3297 2587 3368 qaum
2632 3273 2911 3368 fecerim
2946 3277 3016 3345 in

642 3401 719 3449 re
754 3401 914 3448 vere
953 3381 1168 3462 facta,
1210 3378 1277 3446 in
1314 3400 1453 3470 qua
1490 3380 1673 3448 aliae
1709 3378 1983 3470 linguae
2030 3378 2483 3449 indicativum
2535 3388 2906 3472 usurpant,
2945 3388 3018 3450 ut

643 3481 910 3551 Graeca
959 3479 1186 3576 ἐπειδὴ
1226 3480 1547 3576 ἐποίησα.
1636 3482 1711 3550 In
1756 3482 1947 3552 nullo
1994 3481 2239 3553 horum
2286 3482 2488 3552 trium
2535 3481 2820 3552 dicendi
2870 3504 3017 3553 mo-

644 3583 890 3655 dorum
930 3604 1088 3653 esse
1124 3582 1420 3668 videtur,
1461 3583 1648 3675 quod
1689 3585 2135 3656 coniunctivo
2173 3586 2376 3656 futuri
2414 3585 2645 3655 exacti
2682 3585 3010 3678 indigeat.

642 3687 816 3758 Nam
864 3686 1029 3757 illud
1079 3685 1397 3777 quidem,
1449 3685 1754 3780 fecerim,
1806 3688 1954 3758 sive
2005 3699 2112 3758 est
2165 3687 2350 3780 fingo
2388 3710 2500 3758 me
2538 3690 2829 3773 fecisse,
2869 3689 3014 3760 sive

649 3791 853 3885 cupio
925 3789 1213 3874 fecisse,
1287 3811 1501 3881 quum
1567 3791 1855 3882 cogitari
1923 3792 2156 3863 iubeat
2223 3792 2567 3861 actionem
2635 3803 3010 3886 peractam,

649 3915 871 3986 aeque
924 3896 1220 3964 refertur
1270 3892 1360 3963 ad
1409 3914 1524 3977 ea,
1578 3915 1759 3986 quae
1797 3895 1906 3964 vel
1946 3907 2100 3966 acta
2140 3916 2294 3966 esse
2330 3897 2441 3965 vel
2484 3896 2593 3987 agi
2631 3897 2748 3967 vel
2786 3906 3012 3968 actum

647 3997 726 4064 iri
764 3998 992 4068 animo
1031 3997 1536 4096 concipiamus}
1576 3997 1740 4067 illud
1777 4008 2030 4080 autem,
2068 4007 2144 4068 at
2172 3996 2444 4093 fecerim
2480 3999 2592 4070 vel
2626 4022 2711 4069 ne
2745 3998 3012 4094 fecerim

648 4100 988 4171 actionem
1027 4110 1101 4171 ut
1136 4112 1485 4195 peractam
1523 4101 1717 4194 ponit
1760 4111 1915 4194 post
1952 4122 2432 4195 praegressam
2469 4104 2619 4173 eius
2657 4124 3007 4186 caussam3

647 4203 780 4273 hoc
819 4203 1140 4295 denique,
1191 4203 1250 4274 si
1282 4203 1554 4298 fecerim
1591 4204 1798 4275 sumit
1852 4207 2193 4276 actionem
2233 4216 2311 4276 ut
2346 4215 2698 4299 peractam
2737 4216 3014 4301 propter

648 4315 1183 4378 consecuturum
1243 4309 1394 4378 eius
1447 4317 1798 4378 eventum.
1882 4310 2023 4379 Iam
2082 4331 2296 4400 quum
2357 4309 2491 4379 hae
2543 4319 2688 4379 tres
2738 4308 3010 4380 dicendi

649 4414 909 4481 formae
945 4431 1219 4480 omnem
1261 4432 1459 4483 usum
1497 4410 1700 4483 huius
1736 4412 2157 4484 coniunctivi
2195 4414 2769 4506 complectantur,
2808 4426 3007 4505 atque

647 4516 717 4584 in
754 4533 1167 4604 unaquaque
1205 4534 1440 4584 earum
1495 4515 1788 4585 actionis
1832 4524 2183 4608 tamquam
2221 4528 2545 4610 peractae
2590 4516 3008 4611 incomperta

647 4619 905 4690 veritas
935 4616 1295 4709 cogitetur,
1333 4618 1502 4687 nihil
1540 4620 1608 4689 in
1646 4640 1730 4688 ea
1767 4621 2072 4705 notione,
2111 4620 2167 4690 si
2205 4621 2353 4691 sola
2383 4642 2509 4714 per
2534 4641 2612 4691 se
2640 4630 3001 4714 spectatur,
