3328 5326
1319 349 1723 411 HORATIUS.
2582 352 2707 413 399

326 562 545 632 quum
595 541 902 634 argutius
954 540 1046 612 de
1093 540 1513 634 quibusdam
1552 541 1968 636 disputasse,
2010 551 2155 613 tum
2193 542 2564 616 damnasse
2602 546 2706 614 vi-

324 643 531 714 detur
566 665 749 736 quae
787 643 974 715 dicta
1009 655 1171 716 sunt
1204 645 1612 716 rectissime.
1672 645 1775 716 Ac
1812 648 2107 717 fortasse
2143 646 2256 716 ille
2292 648 2489 718 aliter
2525 647 2705 721 iudi-

326 759 580 832 casset,
602 747 663 817 si
689 747 1318 832 animadvertisset,
1342 748 1535 841 quod
1562 749 1736 820 scite
1765 749 2166 819 observavit
2191 750 2272 818 A.
2295 751 2700 836 MeinekiuS‚

324 851 558 921 omnia
615 851 878 923 Horatii
929 852 1236 922 carmina
1295 873 1388 922 ex
1448 851 1750 946 strophis
1802 862 2126 945 quattuor
2175 875 2494 925 versuum
2547 877 2702 927 esse

324 954 735 1048 composita.
830 955 1083 1049 Negari
1122 965 1354 1027 tamen
1404 978 1545 1027 non
1600 966 1865 1050 potest,
1931 978 2071 1027 non
2123 957 2465 1029 immerito
2516 959 2703 1030 viros

318 1057 573 1128 doctos
611 1059 897 1131 verbum
933 1052 1378 1131 desideras&
1417 1060 1487 1129 in
1523 1059 1628 1129 his
1669 1059 2019 1131 versibus:

847 1161 1021 1232 hunc
1055 1162 1114 1233 si
1159 1162 1501 1234 mobilium
1549 1161 1742 1233 larba
1779 1160 2135 1246 Quiritium

847 1275 1054 1337 certat
1087 1265 1463 1359 terqeminis
1499 1264 1727 1337 tollere
1761 1263 2142 1350 honoribuS,

848 1367 1040 1439 illum
1076 1369 1136 1439 si
1164 1368 1443 1464 proprio
1482 1368 1777 1440 condidit
1812 1368 2047 1440 horreo

846 1471 1168 1568 quidquid
1204 1472 1285 1543 de
1324 1470 1590 1566 Libycis
1626 1472 1914 1543 verritur
1951 1472 2143 1543 arcia.

320 1572 474 1644 Non
529 1574 773 1647 dubito
826 1587 1059 1646 tamen
1112 1578 1276 1668 quin
1331 1577 1614 1669 genuini
1664 1577 1839 1661 sint,
1907 1598 2049 1646 non
2108 1576 2331 1647 solum
2381 1575 2580 1667 quia,
2644 1578 2699 1646 si

320 1678 843 1764 omitterentur,
900 1702 1038 1751 non
1087 1681 1268 1750 bene
1323 1689 1861 1773 componeretur
1898 1679 2201 1772 agricola
2237 1700 2397 1750 cum
2433 1679 2701 1750 victore

318 1782 708 1875 OlympicO,
749 1783 874 1853 sed
913 1786 1121 1853 etiam
1159 1784 1348 1875 quod
1386 1784 1476 1854 ad
1517 1784 1981 1877 integritatem
2031 1784 2418 1876 argumenti
2453 1804 2701 1853 neces-

316 1885 485 1955 sarii
521 1897 701 1955 sunt.
788 1888 1096 1981 Apparet
1132 1888 1317 1957 enim
1355 1888 1585 1958 omnia
1621 1887 1874 1979 quibus
1911 1886 2088 1957 trahi
2123 1887 2441 1957 homines
2477 1886 2700 1957 solent

321 1990 695 2083 complecti
732 1991 1028 2061 voluisse
1065 1991 1448 2074 Horatium,
1489 2013 1714 2083 eaque
1751 1990 1998 2061 ordine
2042 1990 2375 2083 deinceps
2414 2012 2700 2061 enume-

322 2114 514 2163 rare:
572 2094 883 2184 gloriam,
924 2094 1248 2179 honoreS,
1290 2094 1590 2179 divitias,
1630 2116 1851 2187 parvo
1890 2104 2292 2164 contentam
2327 2092 2699 2164 mediocri-

319 2206 572 2280 tatem,
630 2197 1090 2267 insatiabilem
1144 2198 1455 2269 lucrandi
1508 2197 1997 2290 cupiditatem,
2039 2198 2313 2268 mollem
2352 2198 2696 2281 inertiam,

314 2299 571 2371 duram
624 2300 1185 2372 laboriositatem.
1281 2302 1487 2385 Quod
1539 2302 1597 2372 si
1641 2303 1936 2372 verbum
1988 2302 2387 2392 requiritur,
2430 2322 2523 2370 ex
2559 2323 2698 2392 quo

319 2404 681 2496 pendeant
719 2405 814 2473 illi
862 2427 1141 2489 versuS,
1179 2405 1418 2475 reiicio
1455 2426 1588 2498 ego
1626 2427 1787 2476 cum
1825 2404 1976 2474 aliis
2013 2404 2305 2474 Bentleii
2343 2404 2702 2475 coniectu-

319 2529 494 2592 ram,
534 2508 651 2599 qui
688 2519 763 2579 ut
797 2507 980 2579 iuvat
1016 2508 1185 2580 illud
1222 2510 1505 2579 verbum
1544 2519 1765 2593 esset,
1811 2508 2087 2601 scripsit
2116 2506 2475 2602 palmaque
2510 2505 2701 2578 nobi-

313 2609 408 2682 lis
458 2618 789 2682 terraram
835 2611 1135 2683 dominos
1189 2610 1456 2684 evehere
1508 2612 1598 2684 ad
1647 2611 1839 2683 deos:
1908 2633 2119 2705 quam
2168 2611 2452 2705 quidem
2503 2610 2698 2683 valde

315 2715 610 2787 laudare
648 2716 929 2786 memini
965 2728 1493 2811 praeceptorem
1532 2739 1788 2803 meum,
1821 2716 1889 2785 F.
1921 2716 1999 2786 V.
2031 2716 2359 2788 Reizium.
2417 2716 2703 2787 Refut-a-

316 2830 483 2891 runt
518 2820 906 2891 Bentleium
944 2822 1092 2905 alii,
1144 2842 1277 2892 nec
1316 2823 1632 2914 profecto
1671 2842 1848 2914 opus
1888 2830 2038 2889 erat
2074 2820 2203 2890 ista
2240 2820 2697 2903 correctione,

316 2923 521 3015 quia,
561 2947 773 3015 quum
809 2922 1019 2993 evehit
1055 2923 1143 2994 ad
1180 2922 1335 2994 deos
1372 2933 1639 2995 tantum
1678 2921 2165 3017 amplificando
2213 2923 2324 2993 isti
2356 2922 2540 2993 iuvat
2576 2923 2700 2993 ad·
2721 2944 2768 2993 p·
2793 2933 2853 2976 ⁴0

319 3027 548 3098 ditum
605 3027 724 3112 sit,
778 3026 946 3095 nihil
1001 3027 1320 3119 impedit,
1374 3027 1540 3118 quin
1577 3048 1759 3119 quae
1810 3027 1879 3094 in
1919 3037 2210 3117 utroque
2250 3026 2467 3095 verbo
2507 3026 2697 3095 notio

319 3131 528 3214 inest,
569 3131 778 3200 etiam
817 3129 905 3199 ad
946 3130 1307 3221 sequentia
1347 3131 1705 3199 referatur.
1791 3128 2045 3199 Verum
2082 3128 2453 3198 haeremus
2490 3128 2699 3197 etiam

317 3235 394 3304 in
431 3233 570 3304 fine
609 3233 955 3318 carminis,
996 3235 1064 3304 in
1104 3254 1243 3325 quo
1280 3232 1416 3317 illa,
1457 3231 1631 3327 qaod
1664 3231 1726 3302 si
1761 3255 1864 3302 me
1901 3230 2129 3324 lyricis
2155 3228 2411 3301 vatibus
2434 3228 2698 3315 inseri-9,

316 3348 640 3432 apertum
678 3347 787 3407 est
823 3359 962 3407 non
999 3347 1192 3407 recte
1230 3336 1419 3406 dicta
1455 3358 1633 3407 esse.
1720 3335 2103 3429 Oportebat
2152 3334 2338 3404 enim
2375 3343 2493 3403 aut
2528 3333 2701 3429 quod

310 3442 380 3513 si
418 3449 488 3510 tu
524 3464 649 3526 me,
689 3450 808 3512 aut
844 3449 914 3511 ta
947 3440 1007 3511 si
1043 3464 1165 3510 me.
1252 3442 1686 3531 Quamquam
1723 3439 1933 3509 etiam
1968 3439 2027 3509 si
2065 3438 2528 3531 corrigeretur
2564 3437 2700 3507 hoc

314 3546 583 3629 vitium,
623 3554 855 3615 tamen
892 3544 1060 3614 nihil
1111 3542 1633 3638 proficeremus.
1718 3544 1954 3614 Manet
2008 3543 2195 3614 enim
2245 3540 2435 3612 aliud
2484 3542 2700 3612 multo

320 3648 645 3743 graviuS,
698 3670 837 3740 quo
891 3649 1155 3718 factum
1193 3658 1299 3719 est
1334 3659 1409 3717 ut
1445 3657 1663 3718 totum
1702 3669 1987 3718 carmen
2023 3648 2334 3741 ineptum
2370 3645 2457 3716 sit
2494 3654 2701 3737 atque

318 3752 727 3824 absurdum.
801 3752 975 3822 Nam
1012 3752 1179 3844 quid
1217 3752 1332 3821 illa
1369 3752 1501 3822 sibi
1535 3752 1811 3822 volunt:

802 3853 1149 3925 Maecenas
1185 3855 1398 3926 atavis
1435 3854 1604 3925 edite
1640 3854 1925 3948 reqibus,

794 3983 830 4028 o
869 3967 929 4029 et
954 3958 1374 4053 praesidium
1411 3966 1474 4029 et
1509 3956 1701 4028 dulce
1737 3957 1934 4028 decus
1971 3979 2209 4027 meam.

322 4068 678 4150 Quorsum
724 4062 855 4133 ista
892 4073 1035 4132 tam
1070 4063 1336 4154 gravis,
1377 4072 1517 4132 tam
1553 4060 1958 4155 splendida,
1999 4072 2140 4131 tam
2176 4057 2545 4152 magnifica
2582 4082 2706 4153 ap-

327 4168 667 4263 pellatio?
729 4166 1238 4259 Exspectamus
1294 4188 1621 4258 magnum
1670 4164 1837 4258 quid
1900 4174 1970 4233 et
2024 4163 2324 4255 insigne,
2375 4163 2702 4256 quodque

327 4274 616 4365 dignum
645 4280 784 4339 tam
816 4268 1196 4340 honorifice
1223 4270 1545 4339 invocato
1575 4279 1870 4361 patrono
1900 4268 2010 4351 sit,
2041 4277 2462 4339 secuturum.
2522 4266 2705 4352 Quid

328 4397 501 4447 vero
538 4376 745 4444 infert
780 4371 917 4456 hio,
955 4374 1074 4464 qui
1112 4383 1303 4443 tanto
1341 4372 1533 4444 hiatu
1569 4395 1648 4443 os
1688 4371 2005 4465 aperuit‘?
2058 4371 2230 4441 Rem
2258 4371 2701 4451 tritissimam,

331 4479 653 4551 omnibus
690 4486 950 4560 notam,
989 4475 1153 4545 nihil
1193 4477 1475 4547 omnino
1512 4476 1912 4558 habentem,
1952 4474 2145 4568 quod
2172 4476 2314 4546 viro
2343 4475 2563 4545 atavis
2592 4494 2704 4541 re-

330 4584 533 4676 gibus
571 4582 783 4664 edito,
823 4580 936 4672 qui
976 4581 1399 4674 praesidium
1439 4589 1509 4650 et
1547 4580 1771 4651 decus
1807 4589 2060 4672 poetae
2088 4580 2197 4664 sit,
2235 4577 2501 4649 narrari
2536 4598 2705 4646 con-
