3328 5326
1263 366 1671 429 HESIODUS.
2575 366 2653 428 65

278 553 661 647 deperditis
711 556 1023 649 scripsit,
1071 579 1148 628 se
1201 557 1655 629 defensurum
1713 559 2069 651 professus
2134 567 2320 641 erat,
2372 558 2657 629 Hesiodi

279 668 512 729 autem
563 659 915 728 novissimi
965 659 1271 732 editores
1326 660 1810 754 repudiarunt,
1860 681 2105 731 vereor
2153 670 2250 731 ne'
2288 661 2490 731 nimis
2528 662 2655 731 ob-
2710 691 2732 715 ·

279 762 587 853 sequiosi
614 762 983 848 Mutzellio,
1014 763 1253 834 diduci
1280 764 1415 835 hoc
1449 786 1707 836 nomen
1742 765 1813 833 in
1849 774 1989 835 tres
2017 763 2322 856 syllabas
2345 765 2655 856 potuisse

274 865 577 957 neganti.
656 865 988 959 Displicet
1022 888 1184 953 yero
1220 869 1638 963 πληγέντος,
1682 889 1896 960 quum
1946 867 2157 938 modo
2194 868 2657 960 praecesserit
2671 899 2727 950 p.
2747 890 2804 935 2⁴
2921 937 2926 943 ,

276 969 869 1062 κεραυνωθέντος.
962 971 1192 1054 Quare
1254 971 1492 1042 nescio
1563 992 1653 1041 an
1708 971 1973 1042 initium
2035 970 2365 1064 strophae
2425 971 2653 1056 fuerit,

276 1093 413 1163 quo
452 1093 702 1143 versus
743 1074 891 1143 865
929 1074 1150 1146 ducit:

589 1173 761 1267 φλὸξ
795 1176 871 1246 δὲ
907 1179 1478 1272 κεραυνωθέντος
1514 1178 1865 1247 ἀπέσσυτο
1904 1182 2062 1246 τοῖο
2102 1176 2428 1265 ἄνακτος,

486 1278 735 1372 οὔρεος
769 1283 843 1349 ἐν
876 1277 1181 1375 βήσσῃσι
1216 1280 1707 1370 δαμαζομένου
1743 1279 1914 1374 πυρὶ
1956 1281 2199 1375 κηλέῳ,

280 1392 424 1453 tum
471 1392 704 1451 autem
740 1402 867 1474 pro
905 1385 1280 1479 πληγέντος
1317 1383 1597 1474 aliquod
1649 1382 2083 1467 adverbium,
2124 1392 2199 1453 ut
2232 1386 2653 1474 ἐσσυμένως,

277 1485 591 1579 posuerit
626 1485 1004 1579 poeta.Sed
1032 1485 1209 1557 haec
1238 1485 1687 1580 amplificavit
1723 1487 1919 1570 alinS‚
1959 1486 2077 1576 qui
2113 1496 2272 1579 post
2308 1484 2660 1576 στενάχιζε

277 1588 348 1660 δὲ
380 1592 552 1678 γαΐα
585 1586 853 1685 πελώρη
891 1615 949 1658 v.
987 1590 1132 1660 858
1173 1590 1469 1661 subiecit
1495 1611 1736 1661 versus
1768 1590 2171 1661 861-867
2181 1642 2198 1658 .
2231 1590 2348 1682 qui
2377 1591 2660 1681 quidem

277 1694 333 1762 si
378 1691 614 1784 posuit
658 1692 865 1761 etiam
903 1714 1186 1764 versum
1233 1696 1405 1764 866.
1447 1715 1592 1763 non
1639 1693 1913 1764 videtur
1957 1703 2116 1786 apte
2160 1697 2235 1764 ἐν
2278 1693 2494 1781 χθονὶ
2544 1694 2656 1789 δίῃ

278 1795 565 1867 dixisse.
1487 1801 1492 1807 '
2061 1860 2068 1865 ,

484 1897 707 1990 Pergo
746 1898 815 1967 in
853 1899 1344 1970 enumerandis
1381 1899 1704 1991 strophis.
1766 1899 2057 1969 CXXIX.
2104 1898 2507 1971 869-874
2530 1953 2547 1984 ,
2590 1901 2660 1970 in

273 2024 412 2094 qua
451 2002 705 2072 eadem
740 2023 852 2073 res
888 2002 996 2071 bis
1034 2002 1222 2072 dicta
1258 2002 1773 2073 redundantem
1809 2024 2089 2073 versum
2126 2002 2274 2072 tolli
2309 2003 2523 2086 iubet,
2563 2004 2658 2074 ita

277 2118 352 2177 ut
388 2114 510 2176 aut
547 2105 780 2175 deleto
815 2127 1020 2176 versu
1059 2106 1257 2190 872„
1297 2127 1505 2198 quem
1543 2128 1687 2176 non
1721 2105 1935 2177 habet
1972 2105 2204 2176 codex
2230 2105 2451 2175 Emm.
2484 2107 2659 2175 scri-

271 2211 479 2280 batur
521 2214 596 2278 αἱ
638 2210 699 2278 δ’
756 2208 956 2279 ἄλλαι
1010 2207 1425 2297 πίπτουσαι,
1479 2218 1598 2280 aut
1643 2214 1718 2278 αἱ
1762 2211 1828 2278 δ’
1872 2208 2072 2278 ἄλλαι
2112 2208 2273 2299 μὰψ
2319 2204 2535 2304 αὖραι
2584 2213 2658 2279 ἐν

268 2312 618 2409 ἠεροειδέϊ
658 2309 894 2402 πόντῳ
945 2313 1452 2404 coniungantur
1471 2365 1490 2397 ‚
1540 2311 1812 2382 omissis
1860 2311 2311 2380 intermediis.
2386 2311 2651 2381 CXXX.

274 2415 684 2486 875—880
728 2415 982 2485 eodem
1036 2416 1295 2487 auxilio
1344 2415 1704 2506 indigenS,
1742 2425 1818 2485 ut
1854 2423 1972 2485 aut
2008 2423 2193 2484 totus
2227 2436 2466 2486 versus
2508 2415 2602 2485 87
2612 2418 2658 2485 6

271 2528 395 2590 aut
430 2519 583 2589 eius
620 2519 808 2611 prior
843 2529 1004 2610 pars·
1043 2541 1203 2590 cum
1238 2527 1445 2613 parte*
1469 2518 1855 2610 posteriore
1891 2518 2376 2610 praecedentis
2412 2540 2659 2590 versus

272 2622 649 2696 recidatur.
747 2620 1039 2692 CXXXI.
1100 2623 1560 2707 881-885.,
1600 2622 1720 2694 uhi
1757 2621 2234 2693 scribendum:
2285 2623 2324 2692 ὃ
2363 2621 2436 2693 δὲ
2469 2628 2659 2694 τοῖσι

265 2724 426 2819 μάλ’
486 2721 564 2796 εὖ
617 2723 1031 2815 διεδάσσατο
1083 2725 1320 2817 τιμάς.
1406 2727 1568 2797 Mon
1619 2726 1955 2810 mirabor,
2010 2727 2069 2795 si
2113 2726 2266 2818 quis
2303 2727 2660 2818 proximos

268 2829 675 2923 quindecim
726 2849 1010 2913 versuS,
1076 2830 1194 2921 qui
1255 2851 1381 2922 per
1441 2852 1522 2900 se
1582 2830 1754 2898 nihil
1816 2831 2120 2923 suspecti
2185 2829 2481 2914 habent,
2546 2851 2659 2899 re-

268 2954 591 3028 pugnare
639 2932 1083 3025 stropharum
1141 2933 1564 3004 distinctioni
1627 2932 2025 3003 contendat.
2134 2933 2224 3001 Et
2274 2943 2542 3017 tamen,
2599 2933 2657 3002 si

268 3039 390 3109 vel
422 3038 600 3121 hoc,
639 3035 830 3127 quod
875 3036 968 3106 illi
1010 3058 1257 3107 versus
1293 3059 1585 3108 numero
1623 3036 2021 3128 quindecim
2058 3046 2240 3119 sunt,
2289 3045 2434 3105 tres
2475 3046 2656 3105 stro-

265 3142 450 3235 phas
514 3140 825 3210 indicare
876 3139 1168 3223 videtur,
1226 3140 1759 3210 concedendum
1815 3139 1981 3223 erit,
2037 3138 2095 3209 si
2144 3138 2321 3208 haec
2375 3162 2439 3209 v.
2477 3141 2647 3209 889.

267 3243 454 3336 δόλῳ
513 3244 774 3338 φρένας
835 3241 1272 3339 ἐξαπατήσας
1333 3242 1723 3334 αἱμυλίοισι
1768 3240 2121 3332 λόγοισιν,
2177 3241 2334 3312 istic
2380 3244 2654 3314 sublata

267 3349 456 3418 infra
491 3355 837 3439 ponantur
872 3372 932 3416 v.
969 3349 1137 3416 899.

487 3452 622 3522 ἀλλ’
664 3448 804 3544 ἄρα
837 3476 965 3540 μιν
1001 3449 1181 3526 Ζευς
1216 3447 1518 3544 πρόσθε,
1563 3446 1740 3539 δόλῳ
1771 3450 2031 3543 φρένας
2070 3446 2509 3545 ἐξαπατήσας

488 3551 876 3644 αἱμυλίοισι
912 3550 1249 3642 λόγοισιν,
1293 3551 1412 3648 ἑὴν
1446 3548 1831 3640 ἐγκάτθετο
1869 3548 2113 3647 νηδύν,

266 3681 420 3732 non
456 3657 673 3727 modo
707 3666 849 3727 tres
898 3657 1114 3727 iustas
1167 3655 1489 3747 strophas
1531 3647 1846 3750 prodire,
1885 3654 2013 3725 sed
2051 3654 2260 3725 etiam
2295 3655 2507 3725 verba
2541 3655 2656 3725 illa

269 3763 508 3858 aptius
557 3760 672 3830 hic
722 3781 930 3852 quam
978 3782 1187 3853 supra
1233 3759 1454 3830 videri
1492 3760 1832 3830 collocata
1870 3780 2049 3830 esse.
2123 3758 2416 3828 Accedit
2467 3758 2655 3829 aliud
2714 3750 2718 3754 ’

266 3875 765 3960 argumentum
824 3885 910 3933 eo
935 3918 952 3947 ‚
1016 3862 1206 3955 quod
1266 3863 1598 3948 GalenuS‚
1666 3863 1784 3954 qui
1835 3884 1927 3932 ex
1972 3861 2354 3955 Chrysippo
2411 3883 2654 3932 versus

271 3971 690 4043 886--890
731 3967 952 4050 affert,
992 3966 1084 4037 de
1121 3989 1260 4059 quo
1297 3966 1472 4037 dixit
1499 3967 1887 4036 Mutzellius
1925 3988 1988 4057 p.
2028 3964 2197 4035 498.
2229 3965 2463 4035 versui
2504 3968 2649 4036 890

266 4072 560 4147 subiicit
592 4092 868 4142 versum
910 4073 1080 4141 900.
1126 4080 1204 4143 ut
1238 4069 1464 4140 videri
1509 4070 1778 4163 possint
1816 4069 2101 4139 scribae
2146 4089 2382 4139 errore
2417 4069 2655 4140 omissi

266 4199 439 4250 esse
470 4197 717 4247 versus
747 4176 1174 4246 891-899,
1234 4176 1333 4243 lta
1368 4174 1738 4246 contractis
1775 4173 1845 4242 in
1880 4195 2094 4244 unum
2126 4172 2447 4243 versibus
2478 4173 2649 4243 889.

269 4285 456 4354 890.
482 4278 897 4370 insertisque
923 4277 1159 4347 verbis
1187 4277 1372 4346 illinc
1400 4277 1691 4348 sublatis
1718 4276 1952 4347 versui
1975 4279 2144 4346 899.
2166 4274 2301 4346 hae
2329 4275 2655 4368 strophae

267 4383 752 4479 apparebunt:
826 4381 1152 4458 CXXXII.
1232 4382 1686 4451 886-891,
1776 4380 2124 4450 CXXXIII.
2195 4381 2647 4452 892-896,

268 4487 639 4559 CXXXIV.
683 4485 1110 4557 897-900,
1186 4485 1383 4569 Quae
1431 4495 1590 4577 post
1641 4483 1825 4555 hanc
1861 4493 1969 4554 est
2004 4483 2291 4578 stropha
2326 4481 2647 4552 CXXXV.

273 4592 721 4664 901-903,
763 4590 912 4659 eius
963 4610 1088 4682 pro
1139 4597 1386 4680 quarto
1434 4597 1507 4657 et
1548 4588 1790 4680 quinto
1827 4607 2073 4672 versu,
2112 4588 2230 4680 qui
2277 4585 2652 4679 perierunt,

372 4710 566 4769 Hunni.
604 4707 713 4768 ΟΡ.
743 4707 892 4769 VIII.
2195 4706 2246 4766 E
