3328 5326
677 363 802 425 320
1594 362 2104 424 THEOCRITUS.

679 575 887 646 quam
924 574 1065 624 non
1101 555 1285 624 bene
1321 551 1737 624 defenderet
1768 556 1889 646 qui
1923 556 2065 624 κατ’
2098 552 2307 624 αὔλιά
2333 580 2409 624 τε
2437 551 2694 648 σηκούς
2717 580 2793 625 τε
2826 576 2889 624 v.
2923 554 3033 625 87.

683 656 980 729 afferret.
1066 656 1141 728 Id
1179 656 1361 727 enim
1397 664 1469 726 et
1505 658 1660 728 loco
1696 678 1975 741 versuS‚
2023 678 2163 750 quo
2200 657 2499 749 positum
2536 667 2665 742 est,
2705 667 2776 727 et
2812 657 3040 727 simili-

682 762 814 831 bus
849 759 920 829 in
959 760 1078 831 tali
1125 762 1420 831 formula
1470 760 1933 853 antiquiorum
1983 769 2348 853 poetarum
2384 761 2722 853 exemplis
2758 770 2867 831 est
2901 783 3046 831 mu-

683 864 923 934 nitum.
981 863 1109 935 Hic
1138 885 1307 934 vero
1343 885 1625 935 manum
1662 865 2072 956 corrigentis
2108 864 2366 934 librarii
2393 862 2927 957 deprehendere
2951 865 3050 934 vi-

686 967 882 1052 deor,
919 969 1037 1059 qui
1072 967 1143 1037 in
1182 988 1414 1052 versu,
1453 990 1662 1060 quem
1699 977 1910 1062 poeta
1945 967 2048 1037 sic
2084 968 2480 1061 scripserat,

843 1069 1042 1165 σηκοὶ
1078 1072 1159 1142 ὃέ
1188 1096 1391 1164 σφισι
1426 1071 1601 1165 χῶρι
1633 1072 2045 1162 τετυγμένοι
2078 1071 2256 1141 εἰσὶν
2292 1067 2647 1160 ἑκάσταις,

688 1182 931 1244 contra
965 1173 1167 1244 metri
1202 1175 1428 1267 legem
1465 1175 1679 1269 χωρὶς
1704 1175 2033 1267 scriptum
2063 1175 2445 1245 invenerat.
2501 1173 2605 1244 De
2631 1175 2811 1269 χῶρι
2837 1176 3051 1246 forma

689 1276 995 1349 adverbii
1032 1275 1211 1348 dixit
1245 1280 1314 1349 in
1351 1278 1528 1349 libro
1565 1279 1658 1350 de
1695 1277 2046 1349 adverbiis
2083 1276 2487 1370 Apollonius
2522 1300 2586 1371 p.
2624 1276 2799 1363 548,
2837 1281 2957 1348 31.
2991 1288 3055 1347 et

692 1378 865 1466 573,
901 1384 963 1450 1.
997 1391 1281 1452 auctore
1321 1403 1485 1454 usus
1513 1381 1952 1453 Callimacho.
2010 1380 2163 1452 Vid.
2189 1380 2401 1451 etiam
2426 1381 2652 1473 Etym.
2677 1382 2767 1451 M.
2793 1405 2864 1475 p.
2889 1382 3053 1465 607,

692 1486 811 1557 23.
853 1493 924 1554 et
959 1484 1265 1556 Crameri
1300 1483 1641 1557 Anecdot.
1684 1487 1731 1557 I.
1773 1508 1839 1580 p.
1887 1483 2058 1568 443,
2104 1487 2224 1558 27.
2267 1484 2625 1577 tetigitque
2662 1506 2807 1555 non
2847 1487 3055 1556 semel

688 1588 1115 1661 Eustatbius.
1175 1589 1320 1659 Nec
1360 1588 1684 1660 videntur
1720 1589 1961 1681 tragici
1997 1609 2081 1659 ea
2120 1590 2342 1659 forma
2379 1588 2836 1660 abstinuisse:
2880 1589 3056 1661 unde

691 1701 929 1784 parata
965 1702 1073 1763 est
1108 1692 1504 1764 emendatio
1541 1692 1853 1786 Euripidi
1890 1693 1961 1761 in
1996 1692 2264 1762 Heracl.
2307 1690 2481 1764 224.
2576 1736 2582 1741 -

848 1795 964 1867 σοὶ
997 1795 1130 1890 γὰρ
1168 1793 1319 1868 τόδ’
1361 1796 1655 1891 αἰσχρὸν
1691 1797 1867 1891 χῶρι
1903 1796 2019 1867 καὶ
2054 1793 2250 1867 πόλει
2285 1792 2523 1866 κακόν.

502 1938 668 2001 p.973
900 1898 976 1967 V.
1014 1902 1130 1970 15.
1164 1921 1304 1970 non
1340 1900 1562 1994 probo
1597 1900 1943 1971 insolitam
1980 1901 2272 1971 formam
2308 1897 2606 1968 nominis

849 2003 1136 2097 Πηνεοῦ
1176 2003 1277 2095 ἂμ
1312 2005 1489 2095 μέγα
1522 2010 1760 2095 τῖφος.

695 2104 988 2176 Codices
1027 2107 1339 2202 Πηνείον
1383 2116 1456 2177 et
1492 2107 1836 2202 Πηνειοῦ.
1934 2106 2204 2198 Vulgati
2264 2105 2415 2175 libri
2482 2114 2673 2174 recte
2727 2104 3053 2200 Μηνίου.

695 2210 1034 2281 Dixerunt
1088 2210 1202 2280 de·
1228 2210 1473 2282 horum
1510 2211 1868 2281 nominum
1904 2209 2414 2303 permutatione
2447 2209 2870 2302 interpretes
2907 2209 3066 2278 Dio-

695 2312 847 2384 dori
886 2312 1095 2384 Siculi
1133 2312 1224 2384 ad
1260 2314 1364 2383 IV.
1404 2317 1518 2384 13.
1553 2325 1625 2384 et
1661 2313 2126 2385 Tzschuckius
2175 2311 2266 2383 ad
2319 2313 2729 2383 Strabonem
2782 2313 2912 2383 vol.
2961 2313 3058 2382 ΙΙΙ.

696 2438 763 2508 p.
801 2417 919 2487 32.
1004 2417 1209 2500 Quod
1258 2421 1338 2486 O.
1379 2418 1706 2488 Mullerus
1752 2419 1822 2487 in
1859 2416 2296 2488 Doriensium
2332 2416 2470 2486 vol.
2507 2417 2579 2485 ll.
2613 2439 2680 2508 p.
2721 2414 2892 2487 457.
2926 2416 3069 2509 opi-

696 2528 899 2589 natus
937 2529 1108 2603 erat,
1140 2520 1443 2591 Peneum
1482 2521 1696 2592 fuisse
1736 2541 2008 2591 amnem
2048 2542 2140 2590 ex
2177 2521 2406 2590 Menio
2435 2519 2845 2605 derivatum,
2887 2520 3066 2591 nullo

643 2652 647 2656 ⁴
680 2629 847 2692 'erat
886 2631 1169 2694 auctore
1208 2624 1623 2709 coniectum,
1661 2623 2085 2716 mutavitque
2111 2622 2261 2718 ipse
2289 2623 2730 2708 sententiam,
2770 2623 3067 2695 Meuium

701 2727 1179 2798 tantummodo
1248 2728 1550 2820 probans
1636 2728 1705 2797 in
1777 2728 2047 2798 Notitiis
2119 2728 2241 2798 litt.
2329 2728 2629 2821 Gotting.
2707 2749 2768 2797 a.
2848 2730 3063 2800 1838.

700 2853 766 2923 p.
815 2828 1034 2900 1347.
1077 2832 1378 2901 Meuium
1419 2831 1794 2903 Pausanias
1830 2832 1905 2900 V.
1945 2836 2011 2916 1,
2049 2835 2164 2902 10.
2200 2840 2828 2902 commemoratum
2867 2831 3069 2902 etiam

700 2932 806 3002 VI.
849 2934 972 3018 26,
1017 2937 1079 3004 1.
1125 2935 1383 3006 diserte
1432 2935 1607 3011 dixit
1641 2935 2026 3006 immissum
2062 2936 2151 3006 ab
2187 2935 2485 3007 Hercule
2521 2936 2590 3005 in
2626 2934 2901 3028 Augiae
2937 2945 3071 3006 sta-

699 3036 863 3108 bula
912 3058 1091 3109 esse.
1176 3040 1374 3123 Quae
1424 3047 1838 3131 sequuntur,
1886 3038 2069 3109 bene
2107 3039 2207 3109 sic
2243 3040 2501 3132 scripta
2535 3047 2736 3110 erant
2771 3040 2842 3109 in
2884 3039 3069 3109 libris

699 3141 1134 3233 vulgaribus:
1555 3138 1562 3147 ’
1764 3214 1773 3223 .

1597 3246 1743 3316 ἐπεὶ
1778 3246 2105 3341 μελιηδέα
2139 3243 2354 3340 ποίην

854 3347 1182 3437 λειμῶνές
1214 3375 1294 3418 τε
1329 3352 1669 3443 φέρουσιν
1703 3344 2096 3442 ὑπόόροσοι.
2130 3345 2457 3440 εἰαμενάς
2491 3375 2595 3418 τε.

702 3449 1083 3541 Receptum
1136 3472 1324 3521 nunc
1375 3462 1484 3522 est
1531 3473 1625 3521 ex
1670 3451 2034 3522 codicibus
2079 3453 2408 3545 λειμῶνες
2440 3453 2913 3524 θαλέθουσιν.
3000 3451 3069 3523 Id

703 3562 934 3623 tamen
971 3573 1223 3623 vereor
1256 3575 1348 3624 ne
1385 3576 1523 3624 non
1560 3555 1863 3647 potuerit
1896 3555 2124 3626 activa
2156 3564 2499 3649 potestate
2537 3554 2694 3626 dici.
2756 3557 2994 3640 Quare
3019 3555 3077 3626 si

702 3656 1033 3748 probatur
1068 3657 1535 3746 θαλέθουσιν,
1578 3658 2024 3730 scribendum
2062 3661 2194 3729 erit
2228 3660 2544 3755 μελιηὸέι·
2571 3657 2767 3754 ποίῃ.

849 3752 860 3768 ’
910 3759 987 3828 V.
1030 3762 1151 3834 21.
1192 3759 1473 3852 legitur:

1013 3861 1260 3960 χλωρή·
1278 3866 1335 3933 τ’
1378 3865 1800 3959 ἀγριέλαιος,
1829 3863 2256 3944 ’Λπόλλωνος
2293 3864 2577 3957 νομίοιο

1018 3967 1208 4062 ἱερὸν
1245 3965 1488 4056 ἁγνὸν,
1530 3974 1733 4058 ξεῖνε,
1774 3966 2252 4040 τελειοτάτοιο
2291 3975 2519 4040 θεοῖο.

709 4067 1051 4140 Meinekio
1110 4072 1369 4163 placet,
1423 4072 1613 4164 quod
1662 4072 1799 4165 legi
1845 4074 1941 4143 ait
1994 4073 2073 4142 H.
2116 4072 2550 4167 Stephanus,
2608 4074 2798 4169 ἱερὸν
2835 4073 3067 4151 ἄλσος.

706 4170 879 4240 Eam
931 4192 1065 4266 ego
1117 4172 1397 4265 quidem
1435 4174 1624 4246 docti
1661 4177 1949 4248 alicuius
1986 4177 2459 4248 coniecturam
2501 4199 2661 4250 esse
2699 4188 2906 4272 put0,
2954 4175 3074 4248 sed

708 4273 890 4343 illam
926 4274 1116 4346 haud
1151 4277 1382 4369 paullo
1420 4277 1844 4349 deteriorem
1880 4280 2314 4351 Brunckiana
2354 4280 2541 4376 ἱερὸν
2578 4282 2807 4378 ἔρνος.
2886 4283 3073 4366 Quae

709 4377 839 4448 etsi
889 4378 1401 4470 elegantissima
1446 4392 1592 4466 est,
1663 4392 1896 4453 tamen
1957 4385 2175 4455 multo
2236 4383 2503 4458 facilius
2569 4387 2670 4457 sic
2733 4386 3068 4478 corrigas:

688 4479 1124 4558 Ἀπόλλωνος
1161 4482 1443 4574 νομίοιο
1481 4482 1661 4580 ἱερή,
1708 4485 1954 4575 ἁγνοῦ,
1998 4493 2200 4574 ξεῖνε,
2241 4488 2715 4561 τελειοτάτοιο
2750 4495 2980 4561 θεοῖο.

915 4585 993 4655 V.
1029 4587 1146 4658 23.
1183 4585 1397 4657 credo
1435 4610 1569 4681 ego
1604 4588 1884 4681 quidem
1910 4590 2373 4671 „scribendum
2410 4613 2602 4664 esse:
