3328 5326
1208 355 1641 423 EURIPIDES.
2492 363 2565 423 24
2580 361 2618 423 7

241 549 488 622 Achivi
517 552 608 621 ab
639 551 860 623 oculis
889 553 1025 623 tuis
1054 550 1430 624 abducunt.
1499 551 1859 645 Iungenda
1887 573 2045 624 esse
2073 549 2366 647 δάκρυσι
2396 557 2616 626 στένει

238 655 495 726 docere
522 665 796 749 poterat
822 655 963 725 hoc
992 655 1060 725 in
1089 655 1291 726 Herc..
1326 658 1368 725 s.
1409 654 1629 727 4045.
1661 657 1776 727 καὶ
1809 659 1891 728 σε’
1907 682 1979 746 γε
2009 653 2338 750 δακρύοις
2367 658 2612 744 στένω,

236 760 527 852 πρέσβυ,
570 757 690 841 καὶ
721 760 919 829 τέκεα
953 758 1068 829 καὶ
1106 757 1193 830 τὸ
1228 758 1615 831 καλλίνικον
1650 757 1860 853 κάρα.
1944 754 2300 853 Κατάορα
2346 780 2432 829 ex
2480 759 2617 830 hoc

238 863 385 955 ipso
423 862 773 933 Troadum
812 863 970 933 loco
1005 861 1382 934 adnotasse
1420 863 1699 935 videtur
1734 861 2147 955 HesychiuS,
2186 861 2375 955 apud
2411 884 2616 955 quem

236 965 423 1057 quod
478 987 846 1059 perperam
899 966 1236 1059 seriptum
1287 977 1395 1036 est
1439 967 1795 1061 καταορᾷ,
1838 971 2204 1051 καταντεῖ,
2246 966 2462 1037 fuisse
2497 994 2623 1037 κα-

237 1066 503 1164 τάορα,
556 1066 867 1164 κατάντη
930 1090 1068 1140 non
1125 1070 1298 1163 fugit
1349 1069 1775 1141 Lobeckium
1830 1070 1897 1140 in
1958 1068 2402 1163 Pathologiae
2457 1091 2621 1163 pro-

238 1172 620 1265 legomenis
658 1195 724 1265 p.
758 1172 855 1243 27
864 1175 929 1243 5.
989 1174 1064 1243 In
1101 1173 1622 1267 antistrophicis
1661 1195 1728 1243 v.
1768 1176 1987 1244 4440.
2022 1172 2475 1243 scribendum

959 1275 1174 1366 ἁγνὸν
1210 1275 1687 1371 κεραυνοφαὲς
1712 1277 1884 1371 πῦρ.

440 1379 517 1449 V.
559 1380 688 1452 424
711 1381 778 1449 8.
837 1378 1205 1451 Excidisse
1232 1401 1511 1451 versum
1544 1379 1916 1473 posthunc
1947 1379 2455 1473 apertissimum
2485 1389 2617 1463 est,

241 1482 637 1574 docentque
684 1483 801 1575 qui
855 1482 964 1553 his
1015 1484 1443 1576 respondent
1488 1492 1649 1553 octo
1703 1504 1942 1555 versus
1985 1483 2321 1555 4226-4
2342 1483 2512 1555 233.
2548 1484 2617 1552 in

240 1585 492 1678 quibus
528 1584 939 1657 scholiastes
955 1609 1023 1657 v.
1053 1589 1237 1661 4234
1260 1643 1274 1658 .
1295 1597 1485 1658 reete
1515 1586 1840 1658 distincta
1863 1585 2078 1656 verba
2106 1586 2379 1670 habuit,
2410 1592 2629 1658 θανεῑ

240 1687 365 1784 γὰρ
420 1689 537 1777 οὔ,
592 1690 970 1778 θανοῦσα,
1029 1690 1158 1761 σὺν
1211 1691 1456 1785 νεκρῷ.
1571 1690 1859 1783 Utrique
1910 1690 2268 1783 systemati
2320 1688 2619 1761 subiecti

241 1791 540 1864 dochmii
575 1794 955 1886 praemissa
992 1793 1275 1887 dipodia
1311 1794 1645 1865 iambica:

699 1899 793 1984 ἑέ,
838 1899 1115 1992 φρενῶν

694 1999 953 2090 ἔθιγες,
996 2000 1252 2090 ἔθιγες,
1296 1995 1351 2071 oi
1386 2002 1603 2092 με’γας
1637 1999 1804 2091 ἐμοί
1837 2002 1989 2071 ποτ’
2033 2000 2131 2070 ῶν

693 2102 1018 2198 ἀνάκτωρ
1056 2103 1340 2181 πόλεως.

243 2206 373 2294 Sed
410 2207 528 2299 qui
570 2228 635 2276 v.
674 2205 896 2279 4234.
942 2228 1089 2298 seq.
1136 2216 1216 2276 ut
1250 2208 1664 2277 sententiam
1705 2207 2084 2299 integraret
2117 2210 2285 2296 γαῖα
2322 2204 2614 2288 addidit,

240 2310 294 2378 si
327 2321 704 2381 metrorum
746 2310 1221 2404 responsionis
1257 2331 1518 2404 gnarus
1556 2311 1832 2395 fuisset,
1874 2310 2011 2381 tale
2063 2308 2227 2402 quid
2267 2309 2618 2402 positurus

242 2423 413 2483 erat:

594 2518 778 2605 αἰαῖ,

593 2618 906 2716 πατρίδι,
948 2619 1269 2715 πατρίδι,
1310 2621 1398 2712 γᾶ
1436 2620 1689 2716 πικρὸν
1727 2620 2003 2723 ὄδυρμα
2048 2621 2133 2706 σ’,
2179 2614 2231 2691 ὦ

588 2726 862 2810 τέκνον,
907 2725 1200 2807 δέξεται.

245 2826 553 2920 Epodum
589 2826 765 2898 haec
804 2828 1266 2900 constituunt:

696 2936 801 3002 X.
848 2933 1154 3018 στέναζε,
1195 2933 1452 3027 μᾶτερ,
1492 2936 1593 3002 Ε.
1638 2933 1819 3002 αἰαῖ.

696 3039 802 3105 Χ.
847 3036 1108 3129 νεκρῶν
1147 3037 1416 3123 ἴακχον.
1476 3038 1578 3104 Ε.
1623 3034 1679 3104 ὤ
1713 3030 1892 3131 μοι..ι

697 3141 802 3208 Χ.
848 3136 902 3206 ῶ
936 3163 1063 3228 μοι
1102 3138 1280 3233 ὸῆτα
1319 3139 1461 3209 σῶν
1498 3131 1825 3208 ἀλάστων
1861 3137 2115 3208 κακῶν.

250 3238 484 3310 lisdem
518 3241 759 3312 metris
795 3240 1126 3311 videntur
1160 3240 1416 3334 scripta
1456 3240 1695 3324 fuisse,
1734 3262 1918 3332 quae
1945 3240 2167 3312 tribus
2195 3241 2618 3335 interpositis

252 3343 560 3415 trimetris
596 3354 837 3438 aperte
874 3344 1186 3415 mutilata
1223 3354 1294 3415 et
1331 3344 1713 3438 depravata
1753 3343 2115 3416 habemus.
2201 3346 2377 3415 Nam
2427 3345 2617 3437 quod

252 3469 302 3513 v,
335 3446 545 3520 4246.
581 3448 737 3518 libri
762 3448 1127 3541 praebent,
1152 3445 1448 3544 Ἑκάβη,
1485 3445 1611 3524 σὰς
1637 3447 1872 3519 ἔννεπε
1896 3447 2061 3519 τίνα
2087 3455 2333 3545 θροεῖς
2361 3445 2612 3530 αὐδάν,

259 3570 381 3620 non
416 3553 644 3624 minus
683 3575 724 3623 a
760 3552 1107 3623 sententia
1133 3574 1344 3644 quam
1381 3572 1420 3622 a
1449 3559 1674 3622 metro
1702 3551 1994 3623 laborat.
2052 3552 2411 3637 Quantum
2448 3574 2620 3623 con-

260 3650 354 3723 iici
389 3665 639 3748 potest,
680 3655 770 3726 de
806 3656 914 3726 bis
951 3655 1166 3726 ternis
1202 3655 1524 3727 versibus
1559 3654 1689 3725 has
1726 3654 2067 3727 habemus
2105 3656 2467 3749 reliquias:

549 3785 705 3855 στρ.
754 3763 859 3830 Χ.
896 3757 1172 3853 ἄρασσ’,
1216 3758 1477 3852 ἄρασσε
1517 3760 1746 3853 κρᾶτα

745 3860 1077 3939 πιτύλους
1113 3863 1407 3932 διδοῦσα
1441 3858 1698 3956 χειρός.

746 3968 847 4035 Ε.
884 3965 939 4035 ὤ
974 3991 1104 4055 μοι
1138 3991 1266 4056 μοι
1292 4017 1556 4036 ......

543 4070 701 4138 ἀντ.
754 4063 806 4138 ὦ
838 4066 1173 4160 φίλταται
1197 4072 1541 4157 γυναῖκες,

747 4278 852 4345 Χ.
894 4269 1291 4370 θαρσήσαό
1325 4273 1543 4361 ἔνεπε,
1575 4273 1739 4345 τίνα
1764 4280 2011 4371 θροεῖς
2047 4273 2299 4348 αὐδάν.

446 4376 518 4446 V.
556 4376 776 4450 4249.
808 4376 1289 4449 scribendum:

1690 4482 1759 4552 εἰ
1790 4480 1861 4551 δὲ
1897 4480 1994 4577 μὴ
2033 4482 2203 4560 θεὸς

646 4584 928 4679 ἔστρεψε
970 4582 1160 4654 τᾶνω
1197 4583 1587 4678 περιβαλών
1613 4583 1806 4655 κάτω
1833 4579 2093 4674 χθόνα.
