3328 5326
1297 393 1637 468 HYMNus,
2536 409 2661 467 369

491 597 570 667 A
576 591 728 655 ΟΙΣ
733 592 791 656 Ο
800 594 1177 656 ΥΚΕΝΕΑ
1179 597 1263 656 Μ
1268 593 1396 657 ΟΧ
1399 593 1667 657 ΘΩΝΑ
1668 595 1815 656 ΡΙΣ
1815 593 2536 659 ΕΡΕΑΛΕΧΕΙΡΟΝ

406 677 1498 744 ΩΜΑΣΝΥΘΩΝΠΟΛΛΟΝΑ
1505 681 1644 743 ΦΑ
1657 680 1824 744 ΥΡΟ
1833 681 2077 743 ΤΕΡΑ

361 766 440 826 Α
445 769 506 827 Γ
499 767 614 828 ΕΣ
621 764 932 833 ΤΡΛΤΟ
943 768 1088 827 YYI
1099 762 2034 834 ΟΣΕΝΛΣΤΟΙΣΙΠΞΕΝΟ
2044 766 2256 828 (DAN
2257 766 2435 830 ΤΟΣ

361 848 579 920 ΞΕΙΝ
587 852 938 918 ΟΙΣΑΡΕ
941 855 1002 911 Τ
995 848 1465 920 ΛΣΑΞΙΑΠ
1467 852 1970 915 ΟΛΛΕΚΑΜ
1968 852 2026 913 E

320 937 990 1001 ΛΝΤΙΚΛΙΟΙΤΑ
1003 938 1570 1001 ΥΤΛΝΝΟΣΤΟ
1581 938 1939 1000 ΥΧΑΡΙΝ
1936 940 2093 1000 ΕΙΚ
2100 938 2299 1002 ΟΝΑ
2306 939 2493 1002 ΘΕΝ
2493 942 2608 1002 ΤΕ
2611 943 2666 1001 Σ

335 1026 418 1087 A
427 1024 622 1086 YTA
629 1028 690 1090 K
695 1024 774 1085 A
778 1025 871 1087 IE
879 1027 1237 1087 YKAEIN
1234 1027 1295 1086 Γ
1288 1025 1666 1087 ΡΛΜΜΑ
1673 1026 1807 1087 ΤΑ
1816 1026 2127 1088 ΠΙΕΡΙΔ
2131 1024 2255 1087 ΩΝ

269 1116 484 1184 Primi
519 1137 767 1186 versus
809 1116 1045 1185 ultima
1081 1116 1300 1186 verba
1338 1116 1489 1185 sine
1527 1116 1745 1186 dubio
1781 1128 1970 1185 recte
2009 1116 2109 1212 sic
2146 1117 2446 1187 restituit
2488 1116 2662 1186 Ros—

270 1220 455 1289 Siusz
513 1215 811 1309 μόχθων
861 1215 1091 1312 χάρις,
1144 1219 1310 1314 ἔργα
1361 1218 1435 1289 δὲ
1477 1219 1728 1313 χειρῶν
1745 1247 1770 1312 3
1826 1219 1990 1288 item
2036 1220 2269 1289 ταῦτα
2301 1243 2368 1289 V.
2405 1223 2469 1290 6.
2556 1220 2661 1289 De

272 1322 534 1393 ceteris
569 1323 768 1392 aliter
803 1324 1050 1393 sentio,
1118 1323 1231 1393 Ex
1265 1322 1487 1415 primo
1525 1322 1827 1393 disticho
1865 1321 2198 1393 discimus
2233 1322 2662 1416 Xenophan-
2718 1347 2723 1352 ·

273 1439 426 1497 tum
478 1447 618 1495 non
670 1427 982 1519 corporis
1019 1427 1284 1498 viribus
1322 1436 1392 1497 et
1427 1427 1681 1498 bellica
1720 1425 2146 1510 fortitudine,
2186 1426 2316 1496 sed
2353 1426 2663 1519 pruden-

269 1531 371 1600 tia
408 1539 479 1600 et
515 1530 911 1621 eloquentia
949 1531 1257 1600 nobilem
1294 1530 1548 1600 fuisse:
1602 1530 1857 1621 quibus
1896 1529 2160 1600 artibus
2198 1552 2409 1621 quum
2447 1530 2662 1601 multa

267 1634 528 1704 fecisse
577 1633 853 1704 dicatur
900 1634 1159 1727 ἀρετᾶς
1196 1633 1398 1720 ἄξια,
1453 1656 1595 1703 non
1632 1634 1905 1704 videtur
1940 1634 2195 1704 fecisse
2251 1634 2426 1719 dici,
2478 1655 2661 1726 quae

266 1739 490 1833 digna
525 1748 764 1807 essent
802 1738 954 1808 eius
988 1738 1268 1821 virtute,
1308 1737 1435 1808 sed
1474 1759 1656 1829 quae
1693 1739 1759 1807 ei
1802 1738 2389 1808 existimationem
2426 1749 2497 1807 et
2532 1737 2662 1807 hoss

263 1862 517 1913 norem
568 1841 839 1912 virtutis
898 1852 1419 1934 compararent,
1468 1840 1559 1911 de
1610 1864 1751 1934 qua
1801 1841 2114 1911 vocabuli
2154 1841 2660 1933 significatione

263 1967 487 2038 quum
543 1944 657 2014 alii
700 1945 1179 2037 scripserunt,
1253 1956 1398 2015 tum
1469 1967 1604 2037 ego
1666 1946 1758 2015 ad
1812 1946 2185 2037 Sophoclis
2237 1946 2660 2015 Philoctetae

265 2076 329 2119 v.
394 2048 612 2121 4420.
710 2049 846 2117 Sed
902 2048 1071 2140 quid
1122 2049 1261 2118 hoc
1310 2059 1439 2133 est,
1494 2049 1684 2141 quod
1734 2058 1962 2119 statua
2018 2049 2081 2118 ei
2138 2050 2361 2141 posita
2411 2049 2662 2121 dicitur

267 2151 537 2223 νόστου
575 2145 822 2246 χάρινὲ
879 2153 1066 2243 quod
1107 2162 1247 2221 tam
1282 2152 1532 2223 mirum
1572 2163 1701 2236 est,
1742 2162 1816 2222 ut
1844 2151 2256 2222 incredibile
2283 2153 2507 2224 videri
2535 2153 2662 2223 de-

260 2259 452 2327 beat.
539 2255 710 2326 lllud
770 2257 954 2325 enirn
1005 2278 1146 2325 non
1194 2265 1361 2348 puto
1414 2257 1738 2348 cuiquam
1785 2257 1854 2324 in
1910 2266 2216 2325 mentem
2263 2268 2659 2341 venturum,
2784 2323 2797 2331 .

257 2358 530 2430 νόστον
578 2359 971 2452 significare
1022 2359 1587 2444 iucundidatem‚
1641 2370 1718 2430 ut
1767 2359 2176 2430 Eustathius
2230 2360 2507 2453 scripsit
2554 2358 2661 2429 his

255 2463 503 2534 verbis
540 2486 605 2555 p.
657 2465 881 2547 4383,
927 2463 1042 2533 40.
1087 2468 1157 2533 οἱ
1194 2463 1267 2533 δὲ
1303 2466 1461 2553 μεθ’
1490 2464 1811 2558 ’Όμηρον
1848 2463 1962 2532 καὶ
2009 2464 2265 2557 βρῶμα
2318 2463 2493 2555 φασὶ
2540 2461 2658 2533 νό-

260 2591 555 2656 στιμον,
593 2566 685 2643 ὠς
720 2567 836 2636 καὶ
876 2567 1178 2656 ἀλλαχοῦ
1208 2568 1570 2660 δηλοῦται·
1615 2567 1731 2636 καὶ
1761 2564 2023 2637 νόστον
2051 2566 2123 2637 δὲ
2149 2566 2280 2662 την
2307 2565 2655 2663 ἠδύτητα,

259 2674 385 2741 δια
424 2670 510 2739 τό
548 2670 678 2765 ἡδύ
723 2673 852 2741 τοῦ
890 2671 1275 2767 Ὁμηρικοῦ
1303 2668 1593 2741 νόστου·
1638 2671 1813 2743 ὅθεν
1841 2671 1959 2741 καὶ
1986 2671 2349 2760 εύνοστος,
2385 2673 2660 2764 φαῦλον

261 2773 491 2867 φασὶν
543 2773 986 2863 ἀγαλμάτων
1025 2775 1218 2869 παρὰ
1269 2780 1422 2851 τοῖς
1464 2771 1813 2865 μύλωσιν,
1850 2773 1894 2871 ἢ
1946 2775 2040 2851 ὥς
2089 2779 2164 2844 ἐν
2201 2777 2411 2869 ἑτέρῳ
2449 2781 2658 2871 ρἠτο-

260 2876 440 2970 ρικῷ
477 2878 710 2967 λεξικῷ
748 2884 997 2964 κεῖται,
1039 2877 1371 2954 εὔνοστος
1405 2877 1576 2954 θεὸς
1610 2876 2001 2969 ἐπιμύλιος,
2050 2878 2356 2948 δοκοῦσα
2392 2879 2660 2970 ἐφορᾶν

259 2981 350 3050 τὸ
407 2980 672 3071 μέτρον
723 2982 868 3050 τῶν
916 2978 1251 3073 ἀλεύρων.
1353 2979 1524 3048 Nam
1578 3001 1710 3049 nec
1763 2989 2015 3049 testata
2062 2981 2193 3049 ista
2244 2979 2659 3071 significatio

262 3082 613 3174 exemplis
652 3094 790 3168 est,
830 3105 964 3153 nec
1003 3083 1063 3153 si
1098 3082 1254 3175 quis
1292 3083 1386 3152 ita
1423 3079 1687 3152 νόστον
1723 3082 2054 3166 dixisset,
2110 3082 2393 3152 fecisset
2442 3083 2510 3151 id
2559 3082 2660 3151 sic

262 3198 345 3257 ut
399 3186 919 3277 ambiguitatem
971 3185 1273 3257 notionis
1328 3208 1469 3256 non
1523 3186 1824 3255 tolleret.
1920 3186 2104 3270 Quid
2155 3207 2326 3255 vero
2380 3185 2439 3255 si
2490 3184 2662 3256 illud

261 3289 536 3361 νόστου
571 3288 780 3384 χάριν
815 3293 1071 3360 usitato
1108 3289 1497 3382 significatu
1533 3299 1726 3359 recte
1765 3312 1843 3360 se
1880 3289 2142 3360 habet?
2213 3289 2414 3360 Certe
2453 3289 2511 3359 si
2547 3288 2689 3359 hic·

268 3393 782 3486 Xenophantus
819 3394 1004 3464 idem
1043 3395 1160 3464 ille
1194 3394 1504 3465 Rhodius
1541 3402 1672 3476 est,
1712 3393 1806 3463 de
1834 3415 1975 3486 qno
2006 3394 2284 3486 scripsit
2312 3393 2659 3485 Polybius,
2679 3411 2817 3472 μη

265 3499 455 3569 bene
497 3496 772 3567 videtur
808 3508 1026 3569 totum
1066 3499 1495 3591 epigramma
1522 3518 1737 3590 posse
1764 3498 2120 3591 explicari.
2183 3499 2244 3568 ls
2275 3497 2379 3567 IV.
2417 3501 2536 3568 50.
2570 3496 2661 3567 de

267 3600 472 3672 brevi
514 3601 697 3670 bello
735 3602 914 3671 inter
951 3602 1256 3673 Rhodios
1295 3612 1365 3672 et
1401 3602 1769 3694 Byzantios
1818 3614 2020 3694 gesto
2058 3603 2375 3672 scribens
2411 3601 2512 3671 sic
2551 3621 2664 3669 re-

267 3709 437 3776 fert:
484 3710 553 3773 οἱ
591 3704 663 3774 όέ
700 3700 963 3775 Ῥόδιοι
998 3704 1489 3802 πληρώσαντες
1524 3706 1699 3782 ναῦς
1734 3709 1830 3795 ἕξ,
1867 3706 2018 3797 ἅμα
2047 3705 2121 3776 δὲ
2146 3703 2442 3781 ταύταις
2468 3702 2661 3797 παρὰ

264 3811 413 3880 τῶν
467 3808 857 3898 συμμάχων
894 3808 1412 3903 προςλαβόντες
1455 3811 1802 3902 τέτταρας
1836 3808 1953 3879 καὶ
1992 3806 2349 3901 ναύαρχον
2385 3833 2664 3900 προχει-

266 3909 645 4006 ρισάμενοι
680 3907 1171 4005 Ξενόφαντον,
1215 3912 1455 3982 ἔπλεον
1491 3912 1591 4003 ἐφ’
1626 3910 2150 4008 Ἑλληςπόντου
2189 3911 2346 3980 δέκα
2376 3908 2657 3997 ναυσίν,

266 4015 381 4085 καὶ
434 4019 595 4089 ταῖς
644 4013 777 4104 μὲν
832 4019 1109 4093 λοιπαῖς
1155 4015 1544 4108 ὁρμοῦντες
1594 4015 1752 4108 περὶ
1796 4015 2090 4110 Σηστὸν
2144 4010 2449 4084 ἐκώλυον
2493 4013 2665 4090 τούς

268 4120 613 4192 πλέοντας
651 4119 751 4194 εἰς
786 4118 915 4187 τόν
954 4115 1272 4205 Πόντον,
1312 4119 1447 4210 μιᾷ
1483 4118 1543 4186 d’
1586 4115 1958 4194 ἐκπλεύσας
1998 4118 2036 4186 ὁ
2076 4115 2428 4211 ναύαρχος
2464 4144 2661 4187 κατε-

269 4220 554 4316 πείραζε
604 4220 747 4289 τῶν
793 4220 1256 4309 Βυζαντίων,
1315 4224 1383 4290 εἰ
1421 4246 1569 4297 πως
1618 4221 1752 4316 ἤδη
1799 4222 2312 4310 μεταμέλοιντο
2363 4246 2661 4291 καταπε-

267 4323 656 4419 πληγμένοι
704 4324 831 4393 τὸν
881 4319 1220 4415 πόλεμον·
1277 4325 1422 4393 τῶν
1476 4324 1535 4393 δ’
1589 4327 1678 4393 οῦ
1723 4320 2205 4418 προςεχόντων
2244 4324 2656 4410 ἀπέπλευσε,

267 4428 387 4497 καὶ
423 4426 853 4518 παραλαβών
889 4427 1016 4503 τάς
1052 4427 1302 4504 λοιπάς
1340 4429 1512 4503 ναῦς
1548 4429 1769 4523 ἀπῆρε
1808 4423 2069 4504 πάσαις
2104 4429 2204 4504 εἰς
2231 4427 2361 4523 τὴν
2384 4423 2654 4496 Ῥόδον.

268 4530 503 4601 Rediit
539 4529 743 4622 igitur
775 4530 1113 4614 Rhodum,
1146 4530 1335 4623 quod
1363 4529 1588 4600 videri
1616 4539 1852 4624 potest
1891 4530 2188 4601 hominis
2218 4531 2449 4623 ignavi
2480 4548 2656 4596 esse.

269 4633 363 4703 At
398 4634 629 4726 paullo
669 4645 825 4726 post
862 4634 1058 4705 addit
1100 4634 1455 4726 Polybius:
1516 4639 1584 4704 οἱ
1637 4635 1711 4705 δὲ
1750 4630 2013 4704 Ῥόδιοι
2056 4636 2498 4729 θεωροῦντες
2534 4629 2666 4723 τήν

362 4753 557 4812 Humi.
585 4752 693 4812 ΟΡ.
726 4753 877 4813 VIII.
2201 4755 2256 4813 Y
