3328 5326
685 348 803 409 428
1674 345 2065 412 PINDARUS.

885 535 1208 614 κόλποισι
1243 538 1402 632 παρ’
1441 532 1764 624 εὐδόξοιο*
1791 536 2029 615 Πίσας

886 636 1323 734 ἐστεφάνωσε
1361 641 1674 732 κυδίμων
1709 642 1984 714 ἀέθλων
2020 648 2339 736 πτεροῖσι
2375 639 2653 730 χαίταν.

887 744 963 815 V.
1001 748 1070 817 8.
1102 767 1316 837 quum
1352 746 1422 814 in
1459 743 1651 816 libris
1688 761 1944 817 versus
1968 744 2063 815 ita
2098 745 2432 838 descripti
2465 745 2624 828 sint,
2665 753 2754 817 ut.-
2776 744 2850 814 in
2886 744 3062 814 anti-

680 848 1049 943 strophieis
1085 849 1206 919 σεῦ
1242 851 1433 920 ἕκατι
1468 868 1762 920 versum
1790 846 2013 932 finiat,
2052 869 2233 941 quae
2270 858 2504 920 autem
2551 849 2867 940 sequitur
2900 868 3059 917 sen·

682 954 895 1023 tentia
943 952 1296 1045 aptissime
1349 972 1607 1022 novum
1658 973 1940 1022 versum
1985 952 2305 1045 incipiat,
2354 952 2445 1024 ad
2484 952 2622 1022 hoc
2659 952 3060 1044 exemplum

526 1075 657 1137 pso
680 1055 1045 1130 verbabic
1082 1055 1387 1141 correxi,
1421 1077 1564 1126 non
1600 1065 1835 1126 tamen
1874 1067 1948 1126 ut
1980 1055 2164 1127 haee
2195 1065 2390 1127 certa
2423 1065 2681 1149 putem.
2758 1056 2836 1125 In
2871 1055 3062 1125 libris

681 1170 789 1231 est
839 1158 1002 1230 οὔτε
1045 1159 1178 1253 γὰρ
1229 1157 1392 1229 θοοὶ
1431 1159 1700 1250 σεμνᾶν
1733 1156 2080 1253 Χαρίτων
2132 1158 2325 1254 ἄτερ.
2402 1160 2505 1232 Ea
2557 1159 2614 1229 Si
2666 1182 2806 1231 uno
2853 1180 3064 1229 versu

682 1262 1186 1357 comprehensa
1236 1263 1549 1346 fuerunt,
1604 1262 1809 1334 facile
1846 1261 2130 1353 quidem
2166 1264 2460 1355 aequari:
2488 1273 2706 1333 metra
2740 1271 3061 1357 possunt,

681 1368 739 1438 si
777 1365 997 1457 ἁγνᾶν
1032 1366 1376 1450 scribitur,
1416 1364 1606 1458 qnod
1643 1365 1996 1458 Kayserus
2032 1366 2350 1437 coniecit.
2441 1367 2697 1442 Verum
2733 1366 2872 1437 ista·
2905 1387 3069 1436 cor-

682 1470 904 1565 reptio
955 1469 1369 1564 diphthongi
1420 1469 1487 1538 in
1542 1467 1682 1540 fine
1734 1469 1995 1562 dactyli
2053 1480 2194 1540 tam
2245 1470 2606 1563 inelegans
2656 1479 2798 1555 est,
2850 1490 3063 1562 quam

680 1573 870 1667 quod
904 1574 1015 1643 XI.
1054 1576 1170 1643 33.
1216 1572 1633 1666 quibusdam
1682 1573 1976 1667 placuit,
2026 1579 2281 1664 μυχοῖς
2321 1573 2576 1670 ἥμενοι
2609 1573 2934 1661 Ἄλιδος,
2992 1582 3067 1644 ut

679 1679 929 1750 mirum
964 1672 1195 1774 {foret,
1249 1677 1321 1748 ni
1358 1676 1695 1749 Pindarus
1745 1677 2054 1748 scrihere
2101 1677 2493 1762 maluisset,
2536 1676 2698 1748 οὐδὲ
2730 1674 2867 1771 γὰρ
2906 1673 3072 1765 δίχα

683 1782 947 1873 ‹temnit›
982 1778 1328 1876 Χαρίτων
1361 1778 1551 1851 «fil-sol.

884 1884 963 1953 V.
1000 1886 1117 1954 40.
1150 1882 1392 1954 addidi
1421 1881 1694 1973 σχεδόν,
1726 1883 1917 1977 quod
1945 1883 2283 1955 Pindarus
2321 1884 2529 1954 etiam
2564 1885 2612 1953 I.
2648 1881 2767 1954 74.
2800 1883 2918 1954 XI.
2941 1883 3065 1956 525.

684 1988 876 2082 Pyth.
911 1987 985 2058 V.
1023 1991 1139 2059 38.
1174 1988 1276 2059 sic
1311 1988 1543 2082 posuit
1581 1998 1655 2059 ut
1692 1988 1946 2059 abesse
1981 1988 2302 2082 potuerit.

887 2091 965 2160 V.
1012 2092 1131 2164 12.
1171 2092 1355 2164 iusta
1401 2103 1510 2162 est
1559 2091 1811 2163 divisio
1847 2092 2194 2177 vocabuli,
2232 2091 2396 2184 quia
2429 2101 2723 2182 utraque
2759 2111 2932 2182 pars
2965 2090 3071 2159 in-

682 2207 949 2290 tegram
985 2196 1344 2266 notionem
1382 2195 1718 2281 continet,
1760 2197 2049 2292 φιλῆσαι
2085 2206 2160 2265 et
2191 2191 2494 2291 μολπήν.
2561 2194 2665 2264 Ea
2701 2194 2818 2263 lex
2853 2193 3070 2263 etiam

681 2302 751 2371 in
789 2299 1096 2370 caesuris
1137 2299 1552 2370 observatur
1587 2299 1741 2382 illis,
1779 2320 1960 2390 quae
1999 2300 2197 2369 aliter
2232 2297 2665 2368 inviolabiles
2703 2308 2887 2368 sunt.

889 2402 964 2471 V.
1010 2402 1129 2474 24.
1171 2411 1448 2472 veteres
1500 2402 1655 2471 libri
1710 2399 2166 2495 Φερσεφόνας
2215 2401 2353 2473 {w
2407 2401 2656 2490 Ἀχοῖ,
2705 2411 2825 2485 ut,
2880 2400 2941 2470 si
2999 2400 3069 2472 id

684 2508 1007 2576 usitatum
1048 2504 1313 2589 fuisset,
1354 2505 1558 2575 alicui
1596 2504 1778 2575 521119'
1822 2506 1893 2574 in
1920 2515 2228 2575 mentem
2251 2505 2490 2575 venire
2509 2504 2756 2597 possit.
2805 2504 2900 2573 At
2937 2504 3073 2575 etsi

684 2609 772 2680 ab
810 2603 1075 2680 ἐλεύθω
1127 2607 1389 2681 dictum
1439 2617 1547 2680 est
1592 2606 1894 2705 ἤλυθον,
1952 2617 2196 2680 tamen*
2233 2608 2556 2689 infflnfflta‘
2577 2617 2742 2681 sum>
2774 2608 3066 2697 ἔληθον,

683 2710 941 2800 ἐλύθω,
983 2708 1340 2804 ἐλύθιοιμι,
1381 2709 1688 2801 ἐλυθῶψ,
1730 2716 2036 2802 ἐλυθεῖν,
2078 2723 2148 2784 et
2183 2712 2634 2808 imperativus
2672 2713 2907 2784 ἔλνθε.
2998 2712 3071 2780 In

687 2815 1188 2888 recentioribus
1239 2816 1430 2886 libris
1477 2815 2074 2887 accommodatius
2110 2817 2403 2889 verbum
2443 2815 3074 2904 2319-sed'hiata1m

687 2922 1023 3005 inferenS,
1074 2929 1183 2990 est
1226 2921 1605 2991 inventum.
1685 2920 1863 2991 Hinc
1900 2921 2104 3014 posui
2145 2915 2666 3015 Φερσεφόνειον
2701 2921 2796 2992 ἴθ’
2832 2920 3067 3007 Ἀχοῖ.

683 3026 838 3097 Non
887 3024 1285 3096 nominatus
1328 3035 1537 3118 poeta
1573 3025 1642 3095 in
1678 3023 1957 3095 Anthol.
1991 3024 2129 3095 Pal.
2168 3023 2298 3093 VII.
2340 3022 2508 3093 483².
2583 3023 2782 3095 ἔσται
2831 3021 2983 3114 μὰν
3037 3021 3077 3092 ὅ

680 3157 754 3220 γε
790 3135 955 3207 παῖς
991 3132 1065 3199 ἐν
1101 3125 1381 3219 δώμασι
1424 3125 1966 3224 Φερσεφονειόις
2000 3125 2352 3216 παίγνιον.

887 3231 965 3301 V.
1009 3233 1130 3304 22.
1172 3231 1328 3302 libri
1382 3231 1536 3326 ὄφρ
1597 3230 1794 3301 ι’ὁοῐσ’
1846 3229 2032 3300 υἱὸν.
2143 3232 2384 3300 Recte·
2411 3238 2577 3323 puto
2629 3227 3076 3299 Schmidium

684 3335 771 3406 ad
813 3333 1158 3405 Homerici
1198 3336 1541 3405 sermonis
1574 3326 1893 3404 normam
1939 3333 2146 3426 plene
2182 3333 2548 3426 scripsisse
2581 3331 2814 3427 ὄφρα,
2859 3346 3075 3425 prae-

687 3438 924 3507 sertim
982 3459 1195 3530 quum
1260 3437 1471 3508 modo
1538 3436 1997 3531 praecesserit
2048 3435 2475 3531 ἐρασίμολπε
2528 3433 2786 3506 ἰδοῖσα.
2906 3435 3077 3506 Ideo

683 3564 749 3611 v.
790 3543 904 3610 10.
939 3540 1182 3632 scripsi
1210 3539 1664 3633 ἑνουρανίων.
1727 3539 2046 3609 Fortasse
2077 3539 2810 3631 aliquando-integrior
2838 3538 3079 3609 codex

686 3644 779 3716 de
815 3644 925 3714 his
957 3664 1138 3736 quae
1174 3665 1359 3713 nunc
1398 3641 1609 3713 dubia
1649 3652 1809 3741 sunt
1845 3642 2119 3714 veriora
2153 3643 2440 3738 aperiet.
