3328 5326
653 362 735 423 72
1638 355 2042 421 PINDARUS.

805 549 1075 623 πόντου
1114 578 1191 621 τε
1224 552 1459 645 γέφυρ’
1501 547 1903 642 ἀκάμαντος
1937 554 2012 620 ἐν
2050 547 2533 642 ἀμφικτιόνων

656 654 750 725 40
805 648 1229 749 ταυροφόνῳ
1263 650 1648 749 τριετηρίδι
1682 651 2126 749 Κρεοντίδαν
2189 726 2201 739 .

708 827 713 833 ,
805 758 1059 849 τίμασε
1093 751 1567 828 Ποσειδάνιον
1604 756 1691 825 ἂν
1726 758 2037 847 τέμενος·

803 857 1076 953 βοτάνα
1110 862 1192 931 τέ
1221 858 1335 930 νίν
1368 859 1533 931 ποθ’
1576 860 1622 930 ἁ
1655 861 1936 936 λέοντος

795 1149 924 1256 42)
976 1152 1205 1231 Vulgo·
1269 1141 1549 1253 βοτάνα
1568 1143 1642 1211 τέ
1684 1140 1785 1210 νίν
1813 1139 1984 1212 ποθ’
2038 1141 2082 1211 ἆ
2133 1143 2399 1223 λέοντος
2445 1143 2773 1213 νικάσαντ’
2837 1140 3019 1254 ε’ρεφ’

650 1229 914 1311 οἷσκίοις
947 1227 1381 1310 Φλιοῦντος
1345 1225 1461 1296 vn?
1496 1225 1808 1317 ωγυγίοις
1838 1223 2081 1319 όρεσιν.
2142 1238 2454 1303 Mutarunt
2481 1238 2600 1298 viri
2632 1236 2797 1299 docti
2829 1227 3019 1320 ἕρεψ’

648 1326 713 1385 in
747 1314 949 1409 ε’ρεφ’.
1001 1322 1092 1385 Ac
1114 1343 1263 1385 sane
1286 1325 1368 1385 ita
1393 1323 1710 1401 scripsisse
1735 1321 1985 1384 videtur
2004 1324 2458 1402 grammaticuS‚
2495 1325 2602 1403 qui
2627 1324 2795 1387 hunc
2816 1322 3021 1385 locum

646 1411 729 1471 ita
776 1411 1093 1472 constituit
1174 1420 1246 1471 ut
1290 1418 1482 1470 metra
1530 1427 1673 1468 cum
1714 1411 1913 1488 prima
1958 1407 2155 1488 epodo
2200 1419 2629 1488 congruerent.
2696 1411 2832 1471 Non
2870 1418 3021 1490 puto

648 1506 854 1558 autem
888 1496 1060 1556 illum
1095 1457 1369 1557 ἑίσκια”
1329 1515 1448 1580 ορη
1481 1503 1721 1555 montes
1751 1494 2006 1575 intelligi
2026 1496 2298 1556 voluisse
2321 1506 2601 1557 carentes
2630 1496 2875 1571 umbra,
2909 1495 3024 1557 sed

644 1582 1000 1661 umbroSOS,
1040 1582 1258 1644 eodem
1289 1600 1522 1659 errore,
1571 1599 1696 1660 quo
1729 1581 1898 1661 apud
1929 1582 2297 1660 Hesychium
2331 1592 2458 1642 est:
2510 1570 2745 1655 α’σκιος
2782 1574 2931 1666 υ’λη,
2980 1574 3020 1666 ἢ

646 1664 888 1731 δασεῖα
917 1630 1062 1752 υ’λη,
1101 1667 1270 1750 quod
1301 1678 1501 1729 ortum
1534 1665 1784 1729 videtur
1814 1686 1894 1729 ex
1927 1669 2139 1729 vitiata
2164 1668 2484 1772 spriptura
2516 1669 2759 1729 Homeri
2790 1669 3026 1729 verbo-

643 1774 783 1815 rum
813 1753 986 1817 Iliad.
1017 1756 1145 1817 XV.
1177 1754 1325 1818 273.
1361 1744 1682 1839 ἠλίβατος
1710 1747 1944 1837 πέτρη
1949 1748 2066 1815 καὶ
2096 1745 2372 1826 δασκιος
2398 1747 2540 1839 υλη.
2608 1755 2794 1815 Multo
2825 1755 3025 1834 magis

644 1842 799 1921 quid
843 1843 1074 1901 mirum
1118 1841 1339 1903 accidit
1385 1842 1449 1900 in
1481 1841 1673 1900 Rostii
1719 1840 1934 1919 lexico,
1975 1839 2086 1901 ubi
2119 1829 2353 1915 ἂσκιος
2380 1859 2493 1919 per
2525 1860 2569 1901 α
2599 1841 3019 1921 euphonicum

641 1946 753 2006 pro
785 1920 1064 2000 δάσκιος
1092 1927 1327 1990 dictum
1369 1924 1626 1988 affertur
1655 1946 1736 1987 ex
1771 1887 2077 1989 Strabone
2109 1927 2291 1988 XVII.
2319 1945 2385 2005 p.
2418 1924 2564 1988 8⁴7.
2602 1936 2668 1989 et
2693 1927 3020 1989 Heliodoro

639 2015 886 2088 ΙΧ,.22
923 2013 1201 2093 quibus
1184 2034 1249 2075 in
1280 2016 1428 2076 locis
1459 2031 1728 2111 gnomon
1751 2014 1988 2093 Syenes
2019 2011 2277 2075 meridie
2307 2013 2595 2074 umbram
2629 2031 2750 2074 non
2782 2014 3021 2075 iaciens

640 2088 876 2173 α’σκιος
895 2110 1172 2163 vocatur.
1223 2103 1438 2181 Neque
1462 2099 1527 2159 in
1545 2098 1798 2161 Pindari
1820 2119 2009 2161 versu
2033 2099 2397 2160 scholiastae
2421 2089 2684 2172 ἅσκίοις
2704 2099 3015 2205 legerunt,

635 2188 701 2247 in
718 2205 1013 2288 mquorum
1065 2184 1568 2249 adnotationibus
1607 2187 1764 2247 haec
1807 2185 2138 2246 habemus:
2203 2178 2349 2288 ἥτις
2389 2178 2615 2264 Νεμέα
2659 2178 2837 2247 ἐστὶν
2881 2178 3023 2248 ὑπὸ

635 2271 784 2346 τοῖς
826 2266 1202 2373 συμφύτοις
1240 2268 1358 2334 καὶ
1398 2263 1709 2352 αρχαίοις
1749 2272 1871 2333 τοῦ
1906 2262 2331 2344 Φλιοῦντος’
2308 2261 2547 2349 όρεσιν.
2584 2306 2674 2315 ——
2709 2264 3023 2346 δασκίοις

637 2348 784 2420 δὲ’
758 2381 797 2460 η
845 2357 992 2431 τοῖς
1036 2353 1342 2432 δασκίοις
1393 2355 1721 2440 δένδροις,
1773 2348 1817 2441 ἢ
1857 2351 2043 2456 wag&
2087 2350 2163 2417 τὸ
2209 2349 2472 2461 ὑψηλὸν
2515 2356 2663 2430 τοῖς
2684 2350 3025 2460 μεγίστην

635 2438 830 2504 σκιὰν
849 2433 1389 2548 ἀπεργάσασθαι
1420 2441 1831 2522 δυναμένοις.
1867 2443 2088 2504 κεῖται
2119 2435 2194 2503 δὲ
2223 2435 2261 2525 ἡ
2286 2437 2516 2549 Νεμέα
2546 2437 2702 2524 περὶ
2728 2463 2815 2503 τα
2851 2440 3026 2505 Φλι-

634 2521 804 2591 άσια
847 2519 992 2634 όρη,
1041 2550 1450 2633 παρακειται
1481 2523 1556 2590 δὲ
1589 2523 1703 2589 καὶ
1732 2525 1935 2601 πόλις
1966 2520 2332 2633 ‘ouwvvuog
2334 2551 2398 2633 η
2436 2525 2710 2603 Φλιοῦς,
2759 2522 2800 2613 ἡ
2845 2524 3023 2613 πρό-

634 2633 829 2715 τερον
857 2610 1263 2723 Αραιθυρέα
1295 2608 1748 2721 καλουμένη,
1727 2635 1806 2699 ην
1834 2609 1950 2677 καὶ
1966 2607 2258 2720 Ὅμηρος
2290 2608 2461 2677 ου’τω
2495 2609 2717 2701 φησίν.
2782 2619 3024 2679 Pausa-

636 2703 774 2764 nias
804 2704 876 2784 II,
913 2705 1013 2781 ⁴3,
1046 2706 1108 2765 3.
1148 2698 1291 2767 ε’στι
1323 2697 1398 2765 δὲ
1426 2725 1543 2765 και
1574 2696 1642 2763 ἐν
1673 2704 1754 2786 τῇ
1790 2694 2137 2763 Φλιασίων
2174 2693 2542 2785 ακροπόλει
2583 2695 3022 2784 κυπαρίσσων

634 2752 876 2863 α’λσος.
959 2792 1274 2852 Praeterea
1321 2789 1625 2851 refutatur
1667 2787 1824 2849 illud
1870 2778 2135 2860 ἇσκίοις
2179 2790 2362 2850 etiam
2404 2808 2437 2848 a
2485 2788 2804 2850 codicibus
2848 2786 3016 2869 Aug.

634 2874 791 2935 Med.
824 2879 892 2937 B.
930 2878 1044 2936 Par
1071 2874 1148 2938 A.
1185 2879 1249 2938 in
1295 2877 1524 2956 quibus
1569 2884 1667 2936 est
1708 2866 1909 2956 ε’ρεψε
1941 2866 2265 2946 δασκίοις
2332 2876 2430 2935 Ex
2459 2875 2555 2936 his
2587 2877 3014 2974 consequitur,

632 2978 665 3020 3
711 2961 974 3024 Pindaro
1020 2966 1318 3043 scriptum
1372 2962 1566 3024 fuisse
1608 2959 2394 3036 ΕΡΕΦΕΔΑΣΚΙΟΙΣ,
2442 2961 2504 3020 h.
2547 2980 2600 3021 e.
2642 2948 2851 3046 η’ρεφε
2894 2957 3022 3022 δα-

635 3038 870 3121 σκίοις.
929 3050 1055 3110 Hoc
1087 3052 1138 3110 si
1172 3051 1253 3111 ita
1286 3058 1400 3127 est,
1456 3066 1577 3109 non
1623 3049 1830 3126 posuit
1869 3046 1972 3107 ille
2002 3042 2390 3122 νικάσαντα,
2427 3046 2540 3108 sed
2580 3056 2688 3108 aut
2726 3038 3014 3122 νικωντ’,

632 3142 742 3193 aut
783 3134 955 3197 aliud
997 3135 1171 3215 quid.
1254 3137 1403 3196 Tres
1450 3133 1754 3195 habemus
1799 3132 2047 3211 epodoS,
2085 3150 2353 3213 quarum
2384 3133 2556 3194 nulla
2588 3152 2729 3194 cum
2764 3132 3020 3195 duabus

631 3218 842 3282 alteris
886 3223 950 3281 in
982 3223 1077 3283 his
1109 3219 1400 3282 versibus
1445 3221 1630 3299 plane
1677 3221 1991 3297 congruit:
2043 3217 2207 3297 quod
2253 3236 2449 3297 quum
2492 3236 2696 3297 neque
2739 3237 2819 3279 ex
2864 3221 3018 3281 artis

632 3305 766 3382 lege
796 3325 911 3367 nec
942 3306 1021 3368 de
1052 3327 1220 3369 more
1252 3305 1499 3367 Pindari
1545 3305 1776 3366 factum
1809 3304 1909 3381 sit,
1949 3322 2148 3383 eaque
2178 3322 2394 3365 caussa
2439 3306 2813 3366 correctione
2855 3325 3021 3386 opus

630 3408 771 3451 esse
805 3390 1107 3472 videatur,
1148 3410 1485 3472 quamnam
1531 3392 1756 3452 harum
1788 3389 2129 3467 epodorum
2163 3408 2274 3469 pro
2306 3409 2540 3465 norma,
2578 3391 2658 3452 ad
2690 3409 2879 3491 quam
2914 3410 3023 3453 re-

628 3476 836 3556 liquae
878 3480 1236 3557 exigantur,
1288 3477 1656 3556 capiendam
1703 3473 2149 3536 censebimus?
2229 3475 2408 3536 Nulla
2455 3477 2588 3537 vitii
2631 3478 2906 3556 suspicio
2954 3479 3022 3539 in

630 3564 917 3642 primam,
955 3565 1123 3625 nulla
1157 3567 1222 3625 in
1255 3567 1501 3624 tertiam
1544 3562 1730 3639 cadit,
1770 3578 2150 3640 quamquam
2192 3563 2353 3623 inter
2381 3581 2469 3640 se,
2506 3571 2578 3623 ut
2607 3561 2859 3636 videtur
2887 3583 3020 3625 non

632 3659 1033 3753 exaequataS.
1093 3651 1331 3711 Poterat
1362 3648 1671 3750 quidem
1651 3667 1719 3707 in
1752 3648 1928 3708 tertia
1963 3647 2188 3724 scribi,.
2212 3640 2521 3753 ἐνέποιμί
2548 3668 2658 3710 κεν
2690 3640 2898 3725 τάχος
2929 3640 3021 3711 δι’

629 3727 852 3814 αλμας
895 3728 986 3810 ὥς
1028 3732 1311 3820 δελφῖνα
1353 3735 1471 3816 (vel
1527 3754 1669 3817 παρ
1715 3729 2042 3818 Δελφῖνα)
2087 3726 2474 3816 Μελησίαν,
2536 3753 2607 3794 33
2661 3736 3022 3814 suspicetur

627 3819 891 3883 fortasse
955 3824 1213 3903 aliquis,
1278 3821 1575 3882 librorum
1637 3821 2010 3898 scripturam
2069 3838 2147 3878 ex
2200 3819 2626 3881 adnotatione
2649 3820 3017 3924 interpretis

629 3915 824 3967 ortam
856 3927 1014 3987 esse,
1053 3910 1416 4011 praesertim
1450 3925 1647 4011 quum
1679 3908 1744 3966 in
1777 3906 2019 3967 scholiis
2051 3907 2352 3985 scriptum
2382 3907 2493 3966 sit:
2534 3895 2681 3966 ἀντὶ
2710 3906 2835 3966 τοῦ
2863 3897 3021 3969 ι’σον

628 3982 711 4052 ἂν
741 3982 1009 4072 είποιμι
1037 3990 1154 4056 καὶ
1183 3988 1298 4056 τὸν
1326 3983 1683 4076 Μελησίαν
1711 3991 1809 4073 τῷ
1838 3991 2029 4068 ταχεῖ
2059 3987 2326 4090 δελφῖνι
2354 3991 2436 4074 τῇ
2465 4010 2536 4052 τε
2571 3983 2754 4068 ἰσχύϊ
2783 3987 2906 4053 καὶ
2934 3993 3019 4078 τῇ

625 4071 851 4162 τέχνῃε
904 4080 1016 4141 sed
1056 4099 1179 4142 non
1224 4099 1382 4161 opus
1431 4090 1527 4140 est
1568 4087 1694 4138 tam
1742 4076 1962 4137 audaci
2019 4079 2406 4155 coniectura,
2456 4095 2648 4157 quum
2702 4079 2906 4157 prima
2953 4090 3019 4139 et

625 4165 806 4225 tertia
849 4164 1086 4242 epodus
1126 4168 1259 4229 sine
1301 4166 1427 4227 ulla
1470 4165 1811 4225 mutatione
1856 4162 1976 4224 sibi
2025 4165 2361 4243 exaequari
2406 4164 2666 4243 possint.
2753 4165 2912 4226 Nam
2960 4168 3016 4227 si

626 4243 858 4333 Νεμέᾳ
902 4248 1147 4312 duabus
1176 4251 1433 4334 syllabis
1456 4251 1910 4328 pronuntiatur,
1940 4259 2010 4312 ut
2031 4252 2207 4311 Nem.
2236 4251 2333 4311 IV.
2367 4249 2512 4312 ⁴22.
2539 4258 2706 4310 recte
2730 4268 2798 4310 se
2821 4251 3023 4312 habet

633 4332 903 4422 δελφῖνι
943 4337 1045 4396 illo
1088 4355 1211 4416 quo
1253 4340 1527 4419 positum
1559 4344 1653 4398 est
1683 4335 1833 4413 loc0‚
1872 4337 2019 4414 quia
2050 4353 2282 4415 anceps
2313 4345 2408 4397 est
2438 4335 2758 4397 anacrusis
2790 4355 3017 4399 mono-

629 4422 893 4505 syllaba.
971 4424 1187 4502 Neque
1232 4443 1380 4485 vero
1419 4431 1706 4502 pugnant
1748 4424 1910 4483 inter
1953 4442 2021 4484 se
2051 4412 2399 4482 Σωκλείδα
2431 4431 2495 4483 et
2521 4411 2669 4482 ι’σον
2710 4409 3011 4502 εἴποιμι,

630 4511 778 4609 quia
807 4508 1009 4590 prima
1039 4508 1104 4567 in
1134 4502 1502 4583 Σωκλείδα,
1548 4518 1621 4570 ut
1661 4508 1728 4568 in
1772 4509 2022 4570 nomine
2053 4508 2322 4589 proprio,
2362 4516 2528 4568 recte
2560 4506 2827 4567 duarum
2859 4508 3019 4570 bre-

629 4597 804 4657 vium
834 4596 972 4658 vice
1003 4591 1303 4674 fungitur.
1383 4594 1564 4667 Quod
1593 4596 1644 4656 si
1678 4594 1830 4657 haec
1859 4597 1944 4656 ita
1975 4616 2044 4659 se
2076 4594 2333 4671 habent,
2371 4592 2500 4654 sola
2529 4590 2737 4653 media
2768 4594 3019 4672 epodus
