3328 5326
679 367 703 424 l
718 365 802 426 32
1631 357 2111 425 AESCHYLUS.

666 563 866 650 putat
901 569 949 625 a
978 575 1090 625 me
1126 543 1619 647 significatam,
1656 575 1796 646 qua
1831 552 2084 623 nimiae
2129 551 2482 622 hominum
2532 551 2836 652 felicitati
2873 551 3049 622 invi-

668 659 884 730 deant
933 657 1047 730 dii.
1138 658 1377 750 Itaque
1422 657 1590 730 dum
1644 667 1887 728 contra
1939 675 2054 727 me
2105 655 2341 726 dicere
2389 655 2516 726 sibi
2567 655 2871 739 videtur,
2913 676 3046 748 pro

666 783 782 833 me
843 761 1030 834 dicit.
1141 761 1282 831 Iam
1332 782 1502 833 vero
1557 762 1628 831 in
1682 761 1939 831 claram
1993 760 2220 831 lucem
2272 758 2578 853 prodibit
2637 759 2848 828 etiam
2909 759 3048 829 iste

667 861 1183 960 ἐναροκτάντας
1230 860 1578 942 θάνατος.
1672 863 2015 949 Quoniam
2063 864 2252 932 enim
2301 863 2697 955 indignatus
2739 862 3050 956 Iuppiter

666 977 964 1039 mortem
1017 967 1315 1040 minatur
1351 967 1666 1053 Hectori,
1716 963 2238 1061 ἐναροκτάνταν
2288 963 2573 1059 φθόνον
2609 965 3047 1058 grammatici

668 1071 1097 1165 interpretati
1133 1079 1296 1141 sunt
1327 1067 1685 1159 θάνατον,
1729 1069 1941 1163 quod,
1981 1069 2039 1139 si
2077 1069 2339 1140 invidia
2372 1069 2666 1141 deorum
2703 1069 3056 1161 relinquat

670 1175 998 1246 caelestia
1052 1174 1310 1267 templa
1363 1184 1434 1244 et
1484 1173 1576 1245 ad
1623 1172 1862 1244 hostes
1900 1172 2320 1245 Graecorum
2358 1173 2624 1257 veniat,
2678 1172 2748 1244 id
2799 1171 2921 1242 fiat
2956 1193 3053 1243 eo

670 1277 958 1351 consilio
1014 1287 1091 1349 ut
1139 1277 1397 1348 Hector
1452 1286 1675 1348 morte
1735 1278 1880 1348 luat
1939 1277 2356 1370 superbiam.
2468 1276 2787 1347 Ceterum
2849 1276 3053 1369 quod

666 1382 1036 1453 Welckero
1089 1381 1297 1450 etiam
1348 1381 1599 1468 αὐχαῖς
1635 1391 1707 1450 et
1742 1380 2020 1470 ἔγκοτος
2063 1379 2413 1473 displicet,
2453 1378 2621 1472 quid
2659 1378 2844 1450 aliud
2881 1400 3054 1449 esse

669 1484 932 1570 dicam,
985 1505 1192 1578 quam
1245 1504 1583 1575 quaerere
1639 1483 1830 1576 quod
1894 1483 2362 1576 reprehendat
2418 1483 2626 1553 etiam
2680 1482 2751 1552 in
2804 1483 2920 1568 iis,
2974 1482 3054 1552 in

554 1599 560 1606 '
669 1588 921 1681 quibus
971 1607 1178 1658 nemo
1231 1588 1402 1658 alius
1455 1607 1775 1658 caussam
1821 1585 2259 1680 vituperandi
2316 1587 2666 1658 inveniat?
2769 1587 2879 1657 Ex
2934 1585 3054 1657 his
3176 1636 3182 1644 -
3289 1585 3290 1592 ’

548 1691 1019 1771 p.6aestimari
1056 1691 1331 1785 poterit,
1369 1699 1526 1763 uter
1550 1700 1887 1775 nostrum,
1924 1701 2002 1763 ut
2037 1713 2103 1784 p.
2141 1693 2273 1761 454
2294 1694 2362 1761 Ο.
2395 1690 2511 1775 ait,
2550 1690 2762 1761 multa
2798 1690 3056 1782 imagi-

669 1804 874 1867 natus
911 1794 1020 1879 sit,
1060 1814 1240 1886 quae
1277 1793 1597 1865 omnibus
1631 1794 1859 1865 modis
1895 1794 2325 1864 incredibilia
2363 1794 2517 1864 sint.

875 1897 1094 1968 Venio
1147 1918 1334 1968 nunc
1386 1896 1475 1968 ad
1509 1895 1717 1967 Ἰλίου
1766 1897 2037 2014 nepueu.
2114 1896 2355 1968 Nullus
2403 1897 2699 1991 scriptor
2742 1896 3056 1988 aliquam

662 1999 872 2073 Ἰλίου
908 2003 1154 2095 πέρσιν
1188 2000 1516 2092 Aeschyli
1552 2010 1913 2085 memorat,
1953 2001 2083 2070 nisi
2121 2003 2299 2071 forte
2336 2000 2406 2072 id
2445 2001 2610 2071 fecit
2634 1998 3056 2070 Aristoteles

670 2104 739 2173 in
795 2104 950 2174 loco
997 2113 1237 2197 aperte
1287 2112 1636 2197 corrupto.
1717 2104 2132 2175 Scholiastes
2167 2104 2622 2222 Hermogenis
2673 2123 2765 2173 ex
2816 2103 3060 2175 Persis

668 2206 994 2301 Aeschyli
1034 2207 1235 2278 affert
1258 2207 1701 2291 vocabulum,
1738 2207 1929 2300 quod
1963 2229 2104 2279 non
2142 2209 2445 2300 legitur
2428 2231 2497 2276 m
2534 2228 2619 2276 ea
2657 2206 3053 2298 tragoedia

668 2310 823 2381 Alia
858 2311 1075 2381 verba
1112 2332 1203 2380 ex
1230 2310 1456 2380 Persis
1486 2310 1835 2403 Aeschyli,
1866 2331 2047 2403 quae
2072 2333 2209 2380 non
2242 2320 2518 2382 exstant
2544 2311 2614 2380 in
2642 2310 2755 2381 illa
2785 2310 3055 2396 fabula,

672 2413 871 2483 affert
919 2412 1344 2483 Athenaeus.
1454 2411 1653 2483 Nunc
1704 2415 2112 2485 Welckerus
2163 2435 2445 2485 versum
2506 2414 2850 2484 invenisse
2915 2413 3053 2484 sibi

667 2516 863 2587 visus
909 2525 1053 2600 est,
1103 2515 1221 2608 qui
1279 2516 1656 2609 pertineret
1704 2515 1793 2587 ad
1833 2515 2045 2587 Ἰλίου
2095 2518 2365 2612 πέρσιν.
2476 2516 2580 2588 Eo
2632 2526 3055 2609 argumento

670 2640 809 2691 non
879 2619 1101 2691 solum
1156 2619 1505 2691 exstitisse
1567 2620 1699 2691 isto
1753 2620 1951 2691 titulo
2017 2619 2442 2714 tragoediam
2493 2620 2861 2715 Aeschyli,
2919 2620 3056 2692 sed

672 2723 880 2793 etiam
909 2723 1095 2818 apud
1122 2723 1564 2795 scholiastam
1591 2725 2046 2816 Hermogenis
2075 2733 2145 2794 et
2172 2724 2605 2796 Athenaeum
2640 2714 2715 2795 ’ἐν
2743 2723 3055 2819 Περσίδι

671 2827 1117 2898 scribendum
1180 2826 1531 2899 iudicavit.
1639 2828 1779 2897 Has
1842 2849 1976 2920 ego
2036 2828 2598 2899 ratiocinationes
2660 2849 2801 2897 non
2858 2829 3054 2898 acci—

669 2930 970 3025 piebam,
1008 2952 1141 3001 nec
1178 2951 1363 3002 nunc
1401 2930 1689 3024 accipio.
1751 2930 1953 3002 Certe
1988 2931 2293 3025 quidem,
2332 2933 2538 3002 etiam
2578 2931 2636 3001 si
2672 2939 3061 3002 testaretur

663 3031 874 3106 Ἰλίου
901 3036 1146 3129 πέρσιν
1164 3031 1595 3119 AristoteleS,
1626 3054 1768 3104 non
1800 3044 2130 3129 sequetur
2158 3034 2593 3106 reddendum
2620 3035 2757 3105 hoc
2786 3056 3053 3105 nomen

669 3135 1034 3208 Athenaeo
1071 3158 1230 3208 esse
1269 3148 1341 3208 et
1375 3137 1791 3209 scholiastae
1828 3139 2314 3231 HermogeniS‚
2368 3137 2494 3209 sed
2544 3139 2853 3230 potuisse
2891 3138 3056 3208 illos

669 3242 745 3310 ἐν
805 3237 1111 3335 Περσίδι
1144 3241 1471 3312 scribere.
1581 3242 1809 3312 Potuit
1867 3243 2052 3313 enim
2110 3251 2227 3313 aut
2281 3242 2414 3312 alio
2463 3241 2676 3312 modo
2726 3242 2796 3311 in
2843 3240 3054 3313 titulo

672 3341 946 3412 fabulae
995 3352 1114 3413 aut
1161 3343 1229 3412 in
1284 3345 1565 3415 nomine
1625 3346 2019 3439 scriptoriS,
2082 3355 2160 3416 ut
2212 3364 2718 3439 saepenumero
2782 3346 3054 3417 factum

670 3443 965 3529 scimus,
1008 3455 1309 3517 erratum
1360 3467 1553 3532 esse;
1607 3457 1840 3540 potest
1889 3447 2099 3520 etiam
2147 3449 2376 3520 nullus
2429 3446 2613 3542 apud
2654 3447 2805 3519 illos
2845 3468 3054 3520 error

673 3566 854 3631 esse,
885 3545 942 3617 si
968 3547 1207 3632 verba,
1236 3570 1417 3641 quae
1446 3572 1539 3620 ex
1564 3550 1791 3620 Persis
1820 3550 2135 3635 afferunt,
2166 3552 2420 3644 scripta
2457 3552 2526 3621 in
2564 3572 2650 3621 ea
2676 3551 3051 3645 tragoedia

671 3652 981 3722 fuerunt:
1020 3669 1161 3719 non
1189 3651 1374 3720 enim
1403 3652 1552 3722 sine
1580 3651 1845 3724 lacunis
1874 3652 1963 3724 ad
1990 3675 2118 3724 nos
2146 3655 2482 3747 pervenit.
2540 3656 2727 3725 Haec
2756 3654 3044 3747 quidem

670 3753 771 3824 sic
808 3774 887 3824 se
922 3753 1204 3838 habent,
1243 3754 1301 3824 si
1339 3755 1612 3848 scripsit
1641 3753 1849 3828 Ἰλίου
1885 3756 2128 3851 πέρσιν
2163 3754 2571 3851 Aeschylus.
2646 3756 2829 3842 Quid
2870 3780 3054 3829 vero

671 3857 730 3926 si
789 3878 931 3928 non
994 3856 1308 3951 scripsit?
1395 3858 1564 3930 Tum
1627 3857 1906 3951 quidem
1972 3873 2163 3930 certo
2215 3864 2290 3932 ἐν
2337 3858 2636 3956 Περσίδι
2694 3882 3050 3954 nusquam

673 3957 958 4031 debebit
990 3961 1254 4055 reponi.
1311 3961 1704 4033 Videndum
1740 3972 1847 4032 est
1884 3985 2051 4055 ergo
2087 3974 2250 4034 ante
2285 3964 2514 4034 omnia
2543 3984 2630 4034 an
2662 3964 3046 4057 scripserit

671 4060 1057 4135 Aristotelis
1082 4064 1397 4135 verbam
1428 4065 1582 4136 libri
1617 4064 1709 4135 de
1747 4074 1893 4135 arte
1927 4066 2205 4161 poetica
2241 4089 2392 4162 cap.
2430 4069 2545 4137 48.
2578 4066 2680 4137 sic
2717 4067 2786 4137 in
2826 4066 3045 4139 codd

673 4164 928 4258 scripta
974 4167 1324 4259 leguntur.
1381 4167 1511 4264 χρὴ
1565 4168 1638 4239 δὲ
1681 4167 1848 4264 ὅπερ
1899 4173 2173 4266 εἴρηται
2221 4167 2543 4247 πολλάκις
2587 4169 3041 4267 μεμνῆσθαι,

672 4295 790 4338 και
823 4265 921 4363 ,αὴ
958 4276 1185 4340 ποιεῖν
1219 4269 1622 4342 ἑποποιϊκὸν
1661 4268 1987 4368 σύστημα
2011 4271 2144 4368 τὴν
2169 4271 2590 4368 τραγῳὸιΜαν
2630 4273 3050 4345 ἕποποιϊκόν

672 4368 747 4441 δὲ
777 4370 945 4459 λέγω
975 4369 1059 4441 τὸ
1097 4370 1539 4463 πολύμυθον·
1584 4372 1739 4443 οἷον
1774 4377 1846 4445 εἴ
1869 4402 1977 4454 τις
2011 4377 2139 4447 τὸν
2174 4377 2301 4473 τῆς
2330 4373 2621 4453 ’neocaes-
2650 4374 2815 4447 ὅλον
2844 4381 3055 4447 ποιοῖ

670 4471 941 4564 μῦθον.
1019 4474 1161 4543 ἐκεῖ
1211 4475 1340 4565 μὲν
1398 4474 1531 4569 γὰρ
1595 4474 1714 4547 διὰ
1769 4477 1854 4549 τὸ
1913 4479 2136 4576 μῆκος
2184 4475 2523 4570 λαμβανει
2573 4477 2664 4549 τὰ
2715 4480 2897 4576 μέρη
2952 4476 3047 4550 τὸ

670 4576 938 4671 πρέπον
963 4574 1288 4666 μέγεθος·
1331 4580 1406 4648 ἐν
1442 4577 1516 4649 δὲ
1545 4584 1701 4658 τοῖς
1725 4578 2036 4677 δράμασι
2073 4579 2248 4653 πολυ
2283 4579 2478 4677 παρὰ
2509 4578 2640 4677 τὴν
2673 4580 3044 4679 ὑπόληψιν

584 5128 587 5135 ,

602 5158 631 5173 ὦ,

772 5258 829 5275 Ῐι-ἰ
850 5266 857 5273 =
