3328 5326
2561 1837 2668 1879 ras-

336 1905 397 1955 4.
454 1899 769 1956 Godofredi
802 1900 1112 1956 Hermanni
1148 1900 1538 1958 additamenta
1567 1901 1642 1958 ad
1675 1900 1889 1973 Opusc.
1928 1903 2064 1958 voll.
2101 1903 2308 1959 1-—v11
2338 1944 2353 1959 .
2424 1944 2439 1960 .
2634 1908 2656 1958 4

330 2008 364 2059 2
379 2041 394 2057 .
444 2003 531 2057 De
561 2003 780 2058 iteratis
811 2003 967 2074 apud
998 2003 1310 2060 Homerum
1394 2045 2440 2063 .............
2589 2010 2608 2061 4
2633 2010 2656 2061 4

328 2109 362 2160 3
378 2145 395 2159 .
445 2106 770 2162 Recension
799 2121 914 2163 von
944 2104 1223 2161 Smrznnn
1255 2105 1504 2165 Observ.
1543 2109 1603 2164 in
1634 2106 1829 2177 Quinti
1874 2106 2173 2179 Smyrnaei
2203 2108 2451 2166 Postho-

445 2209 695 2278 merica,
761 2209 995 2264 Kocnnr
1040 2209 1284 2266 Emend.
1336 2216 1392 2266 et
1434 2226 1568 2266 ann.
1617 2214 1678 2266 in
1720 2209 1997 2280 Quintum
2033 2209 2440 2283 Smyrnaeum,

446 2312 682 2366 Kocnnr
710 2312 1154 2370 Emendationes
1182 2313 1391 2382 Nonni,
1441 2314 1678 2368 Kocnmr
1708 2314 2086 2370 Coniectanea
2125 2314 2182 2369 in
2211 2313 2445 2386 Apollo-

446 2413 607 2468 nium
639 2420 696 2470 et
719 2414 1045 2487 Oppianum
1131 2456 2434 2474 ................
2583 2418 2662 2473 24

333 2518 395 2571 4.
443 2517 530 2571 De
562 2518 795 2575 Hesiodi
825 2514 1192 2591 Theogoniae
1224 2520 1406 2577 forma
1438 2520 1838 2591 antiquissima
1903 2557 2434 2577 .......
2582 2522 2662 2575 47

330 2623 390 2676 5.
443 2620 670 2677 Pindari
700 2622 1053 2679 Nemeorum
1084 2638 1321 2681 carmen
1350 2628 1577 2680 sextum
1640 2660 2434 2681 ..........
2582 2627 2662 2679 68

330 2728 389 2779 6.
438 2725 525 2779 De
556 2725 784 2781 Pindari
815 2726 889 2782 ad
919 2727 1100 2783 solem
1132 2726 1504 2784 deficientem
1534 2726 1803 2783 versibus
1904 2768 1919 2783 .
1990 2768 2005 2784 .
2076 2769 2091 2784 .
2141 2763 2177 2784 -.
2249 2769 2262 2784 .
2332 2768 2349 2784 .
2418 2769 2434 2784 .
2580 2729 2660 2782 75

330 2831 392 2882 7.
440 2829 527 2883 De
559 2828 840 2885 anecdoto
871 2829 1172 2886 Pindarico
1212 2870 2432 2888 ...............
2582 2833 2658 2886 90

330 2934 392 2984 8.
441 2930 641 2987 Ueber
669 2931 763 2988 die
794 2930 1071 3003 Aegiden,
1109 2947 1226 2988 von
1255 2931 1447 2988 denen
1477 2933 1686 2989 Pindar
1713 2933 2057 2990 abstammte
2162 2974 2175 2988 .
2247 2975 2263 2990 .
2333 2974 2348 2990 .
2418 2974 2435 2990 .
2581 2935 2658 2989 93

330 3039 392 3090 9.
441 3033 639 3090 Ueber
668 3035 909 3092 Pindars
937 3036 1118 3092 fiinfte
1149 3035 1509 3109 olympische
1542 3033 1667 3090 Ode
1732 3077 2434 3095 .........
2584 3041 2664 3094 99

288 3139 388 3192 40.
438 3137 882 3196 Emendationes
913 3142 1173 3211 quinque
1203 3141 1526 3195 carminum
1557 3137 1956 3211 Olympiorum
1987 3139 2217 3196 Pindari
2244 3181 2260 3197 .
2333 3182 2349 3196 .
2416 3181 2433 3197 .
2541 3144 2560 3195 4
2585 3145 2604 3196 4
2625 3146 2657 3195 0

289 3244 389 3295 44.
442 3241 571 3296 Non
604 3241 784 3297 videri
814 3240 1165 3314 Aeschylum
1187 3230 1370 3300 Ἰλίου
1396 3234 1602 3321 πέρσιν
1634 3244 1941 3314 scripsisse
1986 3280 2431 3301 ......
2539 3246 2658 3299 429

286 3348 388 3400 42.
438 3344 524 3398 De
556 3343 899 3402 Prometheo
930 3344 1257 3418 Aeschyleo
1293 3383 2430 3404 ..............
2540 3348 2656 3402 444

288 3450 387 3503 43.
439 3447 527 3501 De
557 3463 622 3502 re
651 3450 885 3504 scenica
913 3449 974 3504 in
1003 3447 1274 3520 Aeschyli
1304 3447 1545 3505 Orestea
1642 3489 2430 3507 ..........
2540 3452 2653 3505 458

288 3551 358 3605 44
374 3591 388 3604 .
439 3548 637 3605 Ueber
666 3551 855 3622 einige
885 3550 1173 3624 Trilogien
1205 3551 1310 3608 des
1339 3551 1664 3624 Aeschylus
1726 3589 2431 3611 .........
2538 3556 2658 3608 473

290 3656 387 3709 45.
440 3653 897 3710 Retractationes
928 3654 1331 3712 adnotatorum
1361 3655 1438 3712 ad
1467 3654 1767 3727 Sophoclis
1796 3654 2173 3713 Philoctetam
2246 3697 2261 3712 .
2334 3697 2347 3712 .
2414 3697 2431 3713 .
2540 3658 2660 3712 485

289 3760 388 3813 46.
420 3753 525 3811 'De
555 3755 904 3826 quibusdam
933 3758 1073 3814 locis
1102 3758 1395 3830 Euripidis
1424 3758 1714 3816 Troadum
1810 3797 2427 3816 ........
2533 3762 2654 3815 203

289 3864 384 3916 47.
437 3861 532 3922 De,
554 3860 1094 3931 interpolationibus
1127 3861 1476 3934 Euripideae
1506 3860 1843 3934 Iphigeniae
1882 3863 1942 3918 in
1972 3861 2177 3918 Aulide
2224 3860 2443 3917 disser-

438 3963 672 4019 tationis
702 3977 839 4032 pars
868 3966 1029 4034 prior
1120 4001 2428 4022 ................
2533 3967 2598 4021 24
2622 3969 2656 4021 8

288 4070 385 4123 48.
435 4068 521 4122 De
562 4066 1101 4138 interpolationibus
1130 4067 1477 4140 Euripideae
1519 4067 1852 4139 Iphigeniae
1895 4070 1956 4124 in
1985 4067 2191 4124 Aulide
2221 4066 2443 4123 disser-

436 4170 670 4225 tationis
697 4185 833 4241 pars
863 4169 1041 4225 altera
1116 4210 2426 4229 ................
2532 4173 2642 4228 234

286 4277 386 4329 49.
436 4273 524 4328 De
553 4272 948 4329 Chaeremone
979 4279 1150 4343 poeta
1180 4275 1397 4344 tragico
1468 4312 2429 4331 ............
2532 4276 2656 4332 242

280 4381 385 4435 20.
435 4377 759 4434 Recension
788 4391 906 4433 von
934 4376 1193 4445 Timum,
1232 4376 1646 4434 commentatio
1680 4377 1754 4432 de
1784 4375 2079 4449 Aristoph.
2117 4376 2341 4433 Avibus
2412 4418 2429 4435 .
2533 4380 2657 4434 248

277 4483 382 4537 24.

278 4586 381 4640 22.

854 1478 1206 1563 INDEX
1252 1481 2098 1566 OPUSOULORUM.

434 4479 520 4535 De
552 4477 731 4537 choro
761 4480 1083 4552 Vesparum
1112 4472 1517 4552 Aristophanis
1551 4518 2427 4537 ...........
2533 4485 2564 4537 2
2577 4483 2656 4536 49

434 4581 758 4639 Recension
786 4598 904 4639 von
935 4580 1333 4653 Aristophanis
1365 4583 1711 4640 Lvs1smn
1742 4599 1812 4639 ex
1842 4598 1965 4639 rec.
2002 4583 2070 4640 R.
2104 4585 2294 4656 Enger
2330 4625 2343 4639 .
2413 4623 2428 4639 .
2533 4586 2657 4640 268
