3328 5326
1323 325 1729 431 nEsiontJS.
2633 373 2710 432 63

336 558 636 629 Omnino
675 569 908 631 autem
943 581 1085 630 non
1121 560 1335 630 habet
1368 560 1653 654 stropha
1693 561 1857 630 CIX.
1893 571 2130 655 aptum
2166 561 2456 633 initium.
2512 562 2721 634 Redi-

340 673 595 754 gentur
631 662 809 734 haec
848 664 916 732 in
954 663 1273 745 ordinem
1311 662 1447 734 hoc
1483 664 1694 736 modo
1708 691 1732 733 :-

340 769 386 837 7
394 769 474 835 94
704 765 898 861 δίνῃς
932 769 994 836 δ’
1036 768 1372 862 ἀργυρέῃς
1405 770 1794 859 εἰλιγμένον
1826 770 1926 844 εἰς
1963 767 2095 838 ἅλα
2129 767 2390 848 πίπτει,

343 871 389 939 7
398 872 489 940 89
544 870 913 940 Ὠκεανοῖο
949 871 1171 965 κέρας·
1213 868 1463 966 δεκάτη
1504 872 1568 940 δ’
1609 871 1724 942 ἔπι
1758 878 1981 965 μοῖρα
2017 872 2371 942 δέδασται·

550 974 750 1043 ἐννέα
784 971 913 1064 μὲν
949 973 1108 1066 περὶ
1142 974 1272 1068 γῆν
1307 1000 1382 1043 τε
1420 973 1537 1044 καὶ
1572 975 1781 1068 εὐρέα
1816 975 2008 1045 νῶτα
2041 972 2435 1070 θαλάσσης,

346 1077 493 1148 792
551 1076 595 1171 ἦ
636 1075 708 1145 δὲ
741 1074 852 1166 μί’
893 1080 965 1147 ἐκ
999 1077 1258 1172 πέτρης
1292 1078 1598 1171 προρέει,
1642 1078 1822 1167 μέγα
1854 1077 2058 1173 πῆμα
2091 1083 2373 1149 θεοῖσιν

348 1177 493 1252 ’794
555 1175 979 1261 ἀθανάτοις,
1024 1185 1101 1248 οἲ
1129 1179 1364 1267 ἔχουσι
1397 1178 1571 1276 κάρη
1610 1178 1985 1272 νιφόεντος
2016 1177 2395 1271 Ὀλύμπου.

345 1283 547 1353 CXX.
608 1282 780 1352 793.
838 1282 1267 1352 795—798.
1344 1282 1572 1352 CXXI.
1625 1282 2054 1354 799—803.
2168 1283 2308 1354 Sed
2356 1282 2491 1354 hae
2542 1284 2725 1355 duae

343 1385 681 1479 strophae
714 1386 781 1453 in
820 1385 953 1456 alia
988 1385 1400 1456 recensione
1436 1387 1543 1455 his
1580 1385 1905 1457 videntur
1941 1386 2260 1457 versibus
2297 1388 2720 1457 constitisse:

343 1489 547 1560 CXX.
585 1489 755 1559 793.
793 1489 962 1560 795.
999 1488 1424 1560 798—800.
1471 1489 1701 1559 CXXI.
1738 1491 2163 1563 802-806,
2224 1490 2432 1575 Quod
2460 1514 2523 1561 v.
2550 1491 2719 1562 798.

344 1592 797 1665 scribendum
850 1593 1322 1677 conieceram,
1369 1592 1583 1674 κακὸν
1619 1594 1697 1663 δέ
1728 1599 1761 1663 ἑ
1793 1596 1994 1684 κῶμα
2030 1590 2400 1683 καλύπτει,
2444 1604 2725 1664 exstare

346 1699 418 1766 in
456 1695 613 1767 cod.
648 1696 825 1766 Flor.
850 1696 932 1764 B.
968 1695 1320 1767 adnotavit
1356 1697 1767 1788 Leunepius
1843 1697 1947 1766 De
1983 1720 2048 1767 v.
2087 1699 2255 1768 803.
2301 1696 2471 1768 804.
2512 1721 2727 1790 quum

347 1799 810 1891 Goettlingius
873 1800 941 1868 in
1006 1801 1224 1869 altera
1286 1798 1592 1869 editione
1642 1800 2079 1892 repetiverit,
2143 1821 2324 1892 quae
2376 1802 2441 1871 in
2496 1802 2726 1895 priore

351 1904 765 1997 scripserat,
821 1924 962 1973 non
1012 1903 1212 1973 video
1271 1905 1569 1974 refutata
1620 1924 1779 1972 esse
1831 1924 2011 1995 quae
2063 1904 2134 1972 in
2184 1904 2363 1974 illius
2400 1904 2726 1975 editionis

348 2028 650 2079 censura
682 2005 846 2077 dixi.

551 2111 655 2179 De
708 2109 787 2178 iis
840 2128 1020 2201 quae
1057 2133 1116 2176 v.
1168 2108 1570 2179 807-849
1637 2109 1961 2200 leguntur
2013 2130 2225 2201 supra
2272 2110 2537 2182 dictum
2595 2120 2721 2180 est.

341 2215 448 2284 Ea
497 2213 760 2306 excipit
813 2211 1120 2305 Typhoei
1175 2211 1587 2304 descriptio,
1640 2212 1710 2280 in
1759 2233 1900 2304 quo
1953 2222 2025 2282 et
2070 2212 2222 2306 ipso
2256 2212 2563 2283 variandi
2601 2235 2730 2283 ex-

344 2317 785 2409 ornandique
825 2315 1410 2408 opportunitatem
1453 2314 1784 2407 rhapsodi
1824 2315 1931 2386 vel
1984 2316 2515 2409 interpolatores
2554 2317 2726 2386 arri-

344 2429 670 2515 puerunt.
748 2419 1083 2489 Videntur
1135 2428 1366 2488 autem
1418 2418 1531 2488 hic
1581 2440 1860 2510 quoque
1914 2420 2217 2510 genuina
2268 2442 2309 2490 a
2356 2420 2730 2513 suppositis

2741 793 2873 854 μω

347 2547 564 2619 posse
593 2523 945 2616 distingui.
1003 2521 1107 2591 Ac
1142 2523 1371 2591 statim
1407 2548 1470 2592 v.
1507 2524 1676 2593 823.
1710 2544 1849 2615 quo
1881 2523 2092 2593 modo
2120 2523 2316 2593 ἔασιν
2343 2523 2480 2594 dici
2510 2524 2733 2617 potuit
2779 2552 2789 2563 ·

351 2628 445 2700 de
498 2649 621 2715 ec,
676 2627 798 2720 qui
841 2634 1089 2719 ‚postea
1140 2626 1421 2697 fulmine
1467 2626 1644 2697 ictus
1697 2638 1904 2719 atque
1943 2627 2011 2695 in
2049 2636 2379 2697 tartarum
2415 2627 2731 2699 deiectus

353 2735 516 2803 est?
579 2732 682 2800 De
718 2751 857 2822 quo
894 2730 1058 2800 ἔσαν
1093 2729 1230 2799 dici
1268 2730 1596 2815 debebat,
1637 2740 1713 2800 ut
1750 2731 2005 2801 factum
2045 2756 2098 2800 v.
2139 2732 2306 2803 829.
2375 2732 2527 2801 Non
2564 2741 2731 2824 puto

345 2859 463 2907 me
512 2836 768 2906 multos
816 2833 1254 2904 adversarios
1304 2833 1739 2917 habiturum,
1790 2834 1848 2903 si
1895 2855 2133 2904 versus
2174 2833 2576 2907 822--824
2619 2858 2731 2905 re-

348 2939 779 3022 moveudOS,
816 2962 875 3007 v.
922 2938 1067 3008 825
1119 2946 1348 3007 autem
1399 2937 1845 3007 scribendum
1893 2937 2139 3007 dixero
2187 2937 2316 3007 τοῦ
2371 2940 2431 3007 δ’
2484 2938 2731 3008 ἑκατὸν

348 3040 648 3136 κεφαλαὶ
685 3040 914 3133 ὄφιος.
997 3040 1071 3108 In
1108 3062 1246 3130 quo
1285 3041 1342 3109 si
1378 3061 1518 3110 non
1557 3040 1757 3109 fallor
1793 3050 2105 3132 ereptum
2146 3041 2276 3110 erit
2312 3040 2730 3133 Goettliugio

347 3146 522 3217 illud
561 3153 1065 3236 argumentum,
1103 3165 1242 3235 quo
1279 3143 1475 3227 mihi,
1514 3168 1573 3212 v.
1611 3145 1757 3214 826
1796 3146 1871 3213 ἐν
1906 3144 1985 3213 δέ
2017 3148 2086 3212 οἱ
2123 3143 2354 3215 ὄσσων
2389 3165 2516 3235 pro
2552 3148 2624 3214 ἐκ
2658 3145 2738 3214 δέ

353 3256 425 3320 οἱ
478 3250 708 3319 ὅσσων
769 3246 1215 3317 scribendum
1279 3245 1540 3317 dicenti
1603 3246 2126 3338 congruentiam
2190 3268 2348 3317 cum
2410 3250 2482 3317 ἐκ
2542 3248 2621 3316 δέ
2663 3252 2733 3316 οἱ

357 3353 570 3443 ω”μων
616 3375 677 3420 v.
728 3349 870 3423 824
929 3350 1233 3442 opponit.
1321 3348 1635 3420 Alterum
1687 3359 1919 3421 autem
1972 3359 2491 3442 argumentum,
2542 3349 2730 3441 quod

355 3456 494 3525 hoc
531 3463 674 3538 est,
710 3452 1090 3546 θεσπεσίῃς
1139 3454 1476 3546 κεφαλῇσι
1512 3453 1814 3523 dativum
1851 3453 1984 3522 loci
2022 3474 2215 3539 esse,
2254 3474 2398 3523 non
2437 3452 2729 3546 accipiO,

357 3558 521 3650 quia
572 3559 631 3627 si
680 3578 849 3626 sana
891 3565 996 3625 est
1032 3557 1311 3648 vulgata
1353 3556 1715 3649 scriptura,
1753 3557 1813 3626 is
1850 3578 1990 3627 non
2026 3557 2183 3642 loci,
2223 3557 2350 3627 sed
2386 3556 2506 3648 qui
2543 3577 2734 3625 com-

358 3661 552 3732 modi
605 3660 856 3731 dicitur
908 3659 1175 3730 dativus
1226 3669 1352 3730 est.
1432 3660 1562 3730 Pro
1614 3660 1729 3731 illo
1786 3682 1984 3731 versu
2044 3660 2115 3728 in
2154 3662 2286 3731 alia
2322 3659 2732 3730 recensione

361 3766 488 3835 fuit
522 3790 583 3834 v.
617 3765 785 3837 828.
1517 3780 1522 3785 ·

568 3868 848 3938 πασέων
883 3870 954 3936 ἐκ
991 3866 1339 3958 κεφαλέων
1374 3868 1514 3960 πῦρ
1551 3866 1787 3937 καίετο
1824 3867 2291 3961 δερκομένοιο.

363 3971 632 4042 Eodem
670 3968 883 4040 modo
911 3990 1157 4039 versus
1189 3971 1334 4040 836
1364 3981 1436 4039 et
1469 3969 1613 4040 837
1625 4024 1639 4038 .
1673 3991 1812 4039 non
1850 3980 2011 4040 sunt
2046 3969 2248 4038 unius
2281 3968 2730 4038 recensionis.

364 4075 575 4167 Igitur
646 4072 964 4165 strophas
1036 4073 1374 4144 habemus
1446 4073 1705 4143 CXXII.
1776 4074 1943 4144 820.
2024 4073 2191 4143 821.
2273 4072 2728 4145 825-827,

370 4178 656 4248 CXXIII.
701 4177 870 4248 829.
916 4177 1344 4248 832-835,
1386 4198 1564 4269 quos
1600 4177 1882 4268 quidem
1918 4196 2247 4246 numeros
2287 4176 2507 4268 posui,
2546 4175 2733 4268 quod

365 4281 436 4350 hi
472 4301 710 4352 versus
748 4288 1121 4373 potuerunt
1148 4288 1337 4349 certe
1367 4280 1719 4352 coniuncti
1746 4301 1926 4349 esse.
1985 4278 2181 4363 Nam,
2220 4278 2279 4349 si
2314 4279 2481 4371 quid
2511 4279 2732 4363 viden,

370 4386 648 4477 gravius
676 4383 850 4453 haec
889 4392 1208 4474 corrupta
1248 4394 1408 4453 sunt
1443 4406 1651 4475 quam
1688 4394 1764 4454 ut
1799 4383 2152 4476 persanari
2181 4383 2470 4475 possint.
2531 4383 2734 4451 Plane

370 4490 679 4581 ineptum
716 4496 825 4556 est
857 4485 1020 4557 hoc:
1064 4486 1303 4556 ἄλλοτε
1340 4486 1471 4575 μὲν
1504 4486 1635 4582 γὰρ
1676 4487 2055 4579 φθέγγονθ’
2098 4486 2260 4564 ὤςτε
2297 4492 2536 4557 θεοῖσι
2574 4509 2736 4554 συν-

373 4595 585 4682 ιέμεν.
662 4591 890 4673 Quum
936 4590 1118 4659 enim
1166 4589 1342 4659 haec
1393 4589 1482 4659 de
1531 4590 1792 4683 ingenti
1830 4610 2004 4660 sono
2040 4611 2286 4660 vocum
2337 4588 2520 4658 dicta
2575 4587 2733 4673 sint,
