3328 5326
1211 375 1717 440 THEOCRITUS.
2519 379 2645 442 333

466 563 867 657 μωμᾶσθαί
899 568 970 656 μ’
1011 562 1187 661 ἄρχῃ
1224 565 1341 637 τύ·
1400 565 1664 662 τυφλὸς
1701 569 1763 637 δ’
1810 570 1936 639 οὐκ
1972 568 2187 647 αὐτὸς
2224 568 2263 642 ὁ
2299 570 2634 655 πλοῦτος,

470 667 635 739 ἀλλὰ
671 668 788 739 καὶ
826 664 1316 763 ώφρόντιστος
1352 670 1549 765 ἔρως.
1591 670 1813 766 μηδὲν
1846 673 2026 763 μέγα
2059 672 2326 764 μυθεῦ,

435 766 564 866 -μή
601 772 747 841 ποκ’
788 772 902 843 ἐπὶ
937 768 1249 862 γλώσσας
1284 771 1499 868 ἄκρας
1537 772 1979 868 ὀλοφυγὸόνα
2018 774 2271 870 φύσῃς.

273 876 459 959 Quae
495 874 585 944 de
623 873 740 945 illo
768 875 1141 968 proverbio
1168 885 1501 970 corrupta
1527 877 1596 946 in
1626 877 1906 948 scholiis
1936 877 2026 949 ad
2055 880 2166 949 IX.
2206 881 2323 950 30.
2357 888 2429 948 et
2458 880 2641 972 apud

272 978 581 1049 Photium
643 979 996 1070 leguntur,
1064 979 1230 1048 nihil
1295 979 1385 1051 ad
1450 1002 1599 1051 rem
1663 982 1957 1053 faciunt:
2017 983 2305 1056 meliora
2354 983 2650 1075 praebet

273 1080 679 1153 scholiastes
714 1082 807 1156 ad
844 1083 986 1152 XII.
1021 1083 1141 1155 23.

466 1185 613 1256 Hoc
650 1186 803 1280 ipso
842 1186 911 1255 in
950 1185 1225 1257 decimo
1277 1186 1515 1279 idyllio
1554 1186 1697 1260 duo
1733 1198 1895 1259 sunt
1932 1189 2240 1260 carmina
2284 1198 2649 1280 quattuor-

270 1287 489 1359 decim
524 1311 881 1373 versuum,
921 1311 1146 1381 eaque
1183 1301 1423 1384 aperte
1462 1290 1777 1362 distichis
1824 1292 2101 1390 scriptat
2157 1304 2163 1311 '
2205 1292 2377 1362 Nam
2430 1315 2645 1384 quum

271 1392 497 1462 Battus
535 1403 806 1485 septem
841 1391 1159 1466 distichis
1197 1393 1286 1464 de
1322 1415 1562 1464 amore
1592 1416 1719 1466 sno
1748 1405 2039 1486 questus
2069 1405 2278 1480 esset,
2308 1394 2644 1466 deridens

265 1515 416 1566 eum
434 1496 599 1567 Milo
628 1496 920 1567 totidem
949 1497 1330 1568 sententias
1354 1498 1709 1590 Lytiersae
1731 1497 2046 1572 distichis
2070 1498 2640 1591 comprehensaS,
2668 1531 2716 1582 ρ.
2735 1522 2765 1566 ⁷

261 1620 428 1690 quas
465 1599 659 1670 illum
695 1599 1073 1672 decantare
1111 1602 1494 1673 consultius
1532 1602 1641 1687 sit,
1683 1604 1947 1674 recitati

458 1703 734 1776 Eodem
773 1703 982 1776 modo
1017 1705 1160 1775 duo
1198 1705 1504 1775 carmina
1541 1716 1703 1776 octo
1739 1728 2105 1791 versuum,
2157 1725 2335 1797 quae
2382 1716 2454 1775 et
2489 1705 2644 1797 ipsa

259 1804 573 1898 distichis
624 1807 883 1900 scripta
934 1819 1127 1892 sunt,
1179 1808 1250 1878 in
1288 1818 1605 1880 octavo
1654 1809 1892 1901 idyllio
1928 1821 2088 1902 post
2123 1810 2360 1901 elegos
2398 1810 2644 1900 legun-
2664 1830 2778 1881 vm

262 1918 398 1980 tur-2
438 1932 607 1981 nam
647 1912 1151 1984 removendum
1188 1933 1346 1982 esse
1381 1933 1664 1983 versum
1706 1913 1823 1984 77.
1864 1914 1983 2004 qui
2035 1934 2122 1984 ex
2157 1913 2271 1982 lx.
2317 1912 2384 1983 7.
2425 1912 2644 1986 intru-
2760 1940 2765 1945 ·

265 2027 591 2097 sus-erat‚
633 2014 897 2086 dudum
934 2016 1430 2088 intellexerunt
1465 2018 1595 2087 viri
1632 2016 1845 2088 docti.

457 2117 669 2189 Aliud
740 2131 973 2190 autem
1044 2120 1438 2213 exemplum
1519 2118 1817 2191 duorum
1880 2118 2310 2212 longitudine
2366 2120 2644 2212 parium

261 2221 644 2293 carminum
677 2222 876 2293 latuit
913 2222 1191 2294 criticos
1229 2223 1297 2291 in
1337 2233 1596 2294 sexto
1634 2223 1892 2317 idyllio.
1926 2224 2026 2316 *In
2058 2244 2144 2292 eo
2181 2223 2323 2294 duo
2360 2222 2644 2294 bubulci
2666 2236 2730 2286 Vl

259 2323 428 2394 alter
454 2324 957 2417 Polyphemum
995 2325 1087 2396 de
1117 2327 1405 2397 Galatea
1444 2326 1799 2412 admonet,
1839 2328 2013 2398 alter
2048 2348 2209 2396 vero
2239 2325 2644 2420 Polyphemi

254 2438 490 2519 partes
543 2449 764 2521 agens
814 2429 1232 2523 respondet,
1284 2430 1412 2501 sed
1463 2430 1653 2525 prior
1694 2432 1807 2501 ille
1844 2429 2428 2523 quattuordecim,
2470 2430 2645 2502 alter

253 2541 483 2602 autem
542 2533 785 2625 viginti
836 2555 1084 2605 versus
1135 2534 1360 2619 canit,
1414 2536 1667 2626 quibus
1715 2535 1978 2627 aliquot
2021 2534 2173 2604 libri
2225 2534 2459 2627 inepte
2515 2534 2642 2606 ad-

255 2633 425 2718 dunt
472 2657 748 2709 versum
790 2637 906 2708 47.
949 2638 1206 2711 decimi
1242 2637 1468 2732 idylli,
1518 2661 1729 2732 quem
1780 2640 1870 2709 M.
1920 2638 2256 2732 Hauptius
2293 2638 2364 2708 in
2401 2638 2646 2711 Museo

254 2737 593 2811 Rhenano
632 2762 694 2811 a.
747 2740 969 2812 4845.
1016 2743 1091 2814 ΙΙ.
1136 2766 1201 2836 p.
1246 2743 1421 2815 27⁴.
1464 2743 1886 2814 coniiciebat
1932 2765 2059 2836 pro
2098 2743 2232 2813 alio
2270 2763 2482 2834 quem
2517 2764 2650 2835 po-

255 2844 511 2915 suisset
560 2845 970 2917 Theocritus
1022 2868 1178 2917 esse
1232 2846 1616 2917 adiectum:
1688 2848 1789 2918 sic
1838 2847 2023 2918 enim
2074 2846 2257 2916 hanc
2306 2848 2646 2917 rationem

256 2947 481 3033 effici,
537 2959 612 3019 ut
664 2949 769 3019 bis
820 2959 1090 3042 septem
1135 2949 1522 3042 Daphnidis
1560 2972 1808 3022 versus
1857 2961 1962 3021 ter
2014 2959 2285 3043 septem
2323 2950 2648 3025 versibus

252 3048 635 3124 Damoetae
672 3063 1113 3146 superentur.
1198 3053 1354 3124 Non
1394 3054 1759 3139 assentior,
1799 3053 2211 3147 praesertim
2248 3074 2465 3143 quum
2499 3070 2649 3123 non·

253 3165 527 3226 certent
563 3157 745 3227 inter
779 3174 858 3226 se
899 3156 969 3225 hi
1004 3156 1290 3229 bubulci
1327 3156 1418 3227 de
1454 3157 1785 3241 victoria,
1836 3157 1969 3229 sed
2018 3166 2094 3227 ut
2140 3155 2401 3248 pariter
2450 3154 2644 3247 digni

253 3259 461 3330 ambo
501 3280 580 3329 se
617 3259 917 3333 invicem
955 3260 1257 3352 probent
1290 3270 1362 3330 et
1398 3259 1704 3331 laudent.
1764 3261 1980 3331 Immo
2003 3280 2147 3329 non
2176 3259 2447 3350 integra
2483 3279 2647 3339 esse

253 3383 433 3453 quae
489 3363 804 3456 Daphnis
856 3364 1043 3434 canit
1092 3384 1505 3436 assensuros
1560 3364 1727 3433 mihi
1778 3384 2025 3457 spero,
2064 3362 2186 3455 qui
2236 3361 2646 3433 considera-

253 3468 482 3537 verint
516 3467 718 3552 haec,
759 3488 940 3560 quae
975 3490 1042 3537 v.
1083 3470 1200 3540 ⁴5.
1234 3468 1325 3539 de
1362 3468 1649 3538 Galatea
1687 3467 2047 3540 dicuntur:

464 3570 510 3640 ὁὶ
547 3569 621 3645 δὲ
656 3570 771 3640 καὶ
811 3569 1083 3643 αὐτόθε
1114 3597 1230 3643 τοι
1268 3569 1816 3666 διαθρύπτει-αι,
1861 3571 1953 3649 ὠς
1991 3571 2101 3642 ἀπ’
2143 3564 2464 3647 ἀκάνθας

460 3673 583 3745 ταὶ
620 3674 930 3769 καπυραὶ
967 3679 1238 3764 χαῖται,
1281 3674 1368 3746 τὸ
1404 3674 1617 3745 καλὸν
1651 3676 1868 3770 θέρος
1904 3672 2114 3744 ἁνίκα
2152 3667 2427 3766 φρύγει,

462 3777 578 3848 καὶ
617 3774 853 3869 φεύγει
892 3778 1223 3870 φιλέοντα
1259 3778 1376 3849 καὶ
1416 3780 1501 3849 οὐ
1540 3778 1874 3872 φιλέοντα
1911 3774 2169 3847 διώκει.

249 3879 561 3952 Mutasse
598 3903 724 3974 pro
754 3902 882 3952 suo
911 3881 1201 3953 consilio
1232 3881 1509 3954 videtur
1537 3880 1942 3954 Theocritus
1972 3898 2153 3973 quae
2183 3880 2253 3949 in
2281 3878 2643 3972 Odysseae

250 3982 326 4053 V.
364 3986 540 4057 328.
575 3984 666 4056 de
705 3994 855 4055 rate
953 3985 1109 4056 lixis
1147 3987 1320 4056 mari
1359 3985 1613 4057 iactata
1650 3985 1906 4078 scripta
1947 3993 2142 4055 sunt:

464 4089 557 4166 ὡς
593 4090 653 4158 δ’
690 4088 787 4158 ὅτ’
830 3984 1178 4470 ὀπξιχνὸλς
1213 4091 1465 4185 βορέης
1501 4090 1845 4184 φορέῃσιν
1883 4085 2202 4164 ἀκάνθας

463 4192 566 4283 ἂμ
599 4190 870 4280 πεδίον,
1011 4192 1200 4265 κιναὶ
1236 4192 1310 4264 δὲ
1345 4191 1521 4287 πρὸς
1558 4190 1942 4288 ἀλλήλῃσιν·
1965 4190 2275 4280 ἔχονται,

464 4295 555 4372 ὣς
589 4294 723 4391 τὴν
760 4295 862 4386 ἂμ
897 4296 989 4365 πέ
1073 4322 1193 4386 γος
1231 4296 1483 4385 ἄνεμοι
1519 4297 1738 4390 φέρον
1775 4294 1955 4367 ἔνθα
1987 4293 2103 4364 καὶ
2141 4293 2347 4365 ἔνθα.

248 4393 338 4466 At
374 4398 514 4469 ista
548 4398 734 4491 apud
773 4398 1067 4469 Theocm
1148 4422 1214 4468 m
1264 4399 1689 4490 comparatio
1744 4419 1973 4490 neque
2010 4418 2169 4468 cum
2208 4398 2645 4491 praeceden⁴

250 4500 441 4571 tibus
477 4502 709 4573 verbis
746 4522 978 4594 neque
1017 4523 1178 4573 cum
1208 4503 1659 4595 sequentibus
1690 4501 2018 4594 coniungi
2047 4511 2317 4595 potest·
2360 4501 2467 4570 Ex
2492 4520 2636 4591 quo

251 4604 484 4697 colligi
535 4616 794 4699 potest,
850 4615 1009 4700 post
1043 4628 1110 4676 v.
1149 4609 1267 4691 46.
1301 4607 1553 4687 deesse
1591 4606 1742 4678 illos
1779 4627 1910 4677 sex
1945 4627 2218 4691 versuS,
2257 4605 2508 4696 quibus
2546 4602 2639 4673 ad
