3328 5326
774 357 904 417 386
1714 354 2223 418 THUCYDlDES.

784 547 854 617 in
890 545 1214 618 notandis
1248 544 1647 620 huiusmodi
1681 547 1918 632 rebuS,
1956 547 2087 623 sed
2120 547 2251 617 nisi
2290 546 2465 617 ratio
2504 545 2705 617 reddi
2741 555 2998 639 potest,
3031 543 3141 615 du-

784 651 1007 721 bitare
1075 649 1345 733 licebit,
1408 649 1735 720 mirariue
1802 651 2025 744 magis
2088 651 2511 744 singularem
2566 651 2885 720 fortunae
2945 648 3143 720 lusum

783 762 1125 848 oporteat,
1163 752 1282 845 qui
1317 754 1507 825 nulla
1543 754 1826 826 istarum
1862 755 2164 826 crasium
2191 754 2394 825 nobis
2423 753 2747 846 exempla
2783 751 3141 843 reliquerit

782 869 873 928 an
908 855 1200 927 credere
1237 877 1379 927 non
1417 858 1677 929 factum
1725 879 1885 929 esse
1937 858 2148 951 quod
2166 880 2292 930 cur
2324 858 2610 929 vitatum
2645 856 2735 927 sit
2769 877 2912 927 non
2951 876 3145 950 appa-

780 970 951 1032 reat.
1007 960 1083 1029 In
1106 960 1467 1053 SophoclIS
1495 961 1783 1053 quidem
1806 962 2127 1033 versibus
2155 983 2298 1032 non
2326 961 2525 1032 aliter
2551 970 2718 1053 puto
2746 988 2864 1030 και
2893 960 3145 1031 θέσθαι

780 1062 1068 1135 defendi
1110 1084 1322 1157 posse
1369 1086 1580 1157 quam
1629 1076 1708 1136 ut
1751 1065 1917 1137 illud
1971 1087 2255 1158 quoque
2303 1065 2591 1136 verbum
2645 1063 2903 1157 pariter
2948 1083 3028 1132 ac
3061 1064 3143 1157 μὴ

782 1169 1048 1239 στένειν
1086 1167 1177 1237 ad
1203 1164 1424 1264 τύχην
1452 1170 1812 1240 referatur.
1871 1170 2078 1239 Plane
2107 1169 2359 1240 eadem
2387 1168 2735 1261 copiosius
2764 1167 2946 1237 dixit
2971 1166 3143 1236 Plato

780 1270 873 1342 de
907 1292 1053 1362 rep.
1085 1271 1170 1340 X.
1202 1293 1269 1363 p.
1307 1271 1478 1342 604.
1514 1272 1584 1341 C.
1619 1272 1808 1363 τίνι,
1862 1268 1907 1368 ἦ
1955 1274 2013 1343 δ’
2058 1272 2167 1361 ὅς,
2211 1275 2425 1363 λέγεις
2439 1301 2466 1366 3
2514 1272 2612 1361 τῷ
2660 1268 3139 1363 βουλεύεσθαι,

777 1369 867 1470 ἦν
904 1376 969 1443 δ’
1008 1372 1167 1463 ἐγώ,
1225 1375 1385 1468 περὶ
1432 1375 1519 1446 τὸ
1571 1375 1853 1467 γεγονὸς
1889 1377 2007 1447 καὶ
2046 1377 2269 1471 ὥςπερ
2306 1380 2381 1446 ἑν
2418 1373 2687 1470 πτώσει
2716 1372 2954 1465 κύβων
2991 1372 3144 1467 πρὸς

777 1476 870 1547 τὰ
904 1475 1324 1549 πεπτωκότα
1372 1477 1721 1550 τίθεσθαι
1755 1480 1847 1550 τὰ
1888 1480 2114 1551 αὑτοῦ
2152 1477 2542 1575 πράγματα
2577 1478 2713 1572 ὅπῃ
2753 1478 2793 1548 ὁ
2821 1473 3027 1566 λόγος
3051 1482 3140 1545 αι’-

777 1585 890 1674 ρεῖ
916 1582 1215 1672 βέλτιστ’
1258 1582 1346 1651 ἂν
1383 1581 1590 1670 ἔχειν,
1634 1582 1806 1655 ἀλλὰ
1831 1583 1929 1680 μὴ
1957 1583 2609 1679 προςπταίσαντας,
2645 1578 2975 1672 καθάπερ
3002 1584 3141 1650 παῖ-

778 1686 931 1772 δας,
974 1686 1352 1776 ἐχομένους
1385 1687 1519 1755 τοῦ
1554 1689 1937 1781 πληγέντος
1971 1691 2046 1757 ἐν
2084 1689 2184 1780 τῷ
2220 1688 2401 1779 βοᾶν
2430 1684 2850 1780 διατρίβειν,
2888 1683 3022 1754 αλλ’
3050 1682 3140 1752 ἀεὶ

775 1786 1042 1871 ἐθίζειν
1084 1786 1216 1883 την
1264 1787 1497 1884 ψυχήν
1548 1789 1660 1860 ὅτι
1708 1788 2015 1879 τάχιστα
2049 1789 2420 1882 γίγνεσθαι
2453 1788 2633 1884 πρὸς
2669 1786 2755 1857 τὸ
2794 1785 3052 1858 ἰᾶσθαί
3077 1812 3140 1854 τε

775 1889 894 1961 καὶ
930 1894 1388 1986 ἐπανορθοῦν
1424 1893 1510 1963 τὸ
1544 1891 1762 1963 πεσόν
1798 1922 1875 1964 τε
1916 1894 2032 1964 καὶ
2062 1894 2403 1990 νοσῆσαν,
2441 1893 2722 1986 ἰατρικῇ
2754 1887 3142 1987 θρηνῳδίαν

775 1992 1242 2086 ἀφανίζοντα.

981 2099 1477 2191 Inexplicabile
1517 2101 1743 2172 visum
1779 2111 1909 2184 est,
1948 2101 2139 2193 quod
2176 2102 2251 2171 V.
2295 2103 2414 2172 53.
2461 2101 2713 2192 legitur
2758 2094 3135 2189 βοταμίων.

777 2200 1105 2272 Correcta
1155 2203 1223 2271 in
1274 2225 1413 2295 qua
1462 2215 1830 2296 peccatum
1881 2214 2030 2275 erat
2076 2205 2302 2274 littera
2349 2203 2654 2298 prodibit
2698 2223 2838 2273 vox
2883 2200 3138 2280 Dorica,

777 2303 1057 2376 aliunde
1092 2306 1378 2397 quidem
1413 2330 1555 2378 non
1593 2309 1906 2401 cognita,
1962 2309 2089 2379 sed
2137 2312 2223 2377 ab
2278 2331 2354 2378 re
2406 2308 2539 2378 sibi
2589 2307 2803 2377 fidem
2859 2306 3137 2375 faciens:

776 2409 910 2477 τοῦ
948 2410 1012 2478 δ’
1055 2411 1279 2480 αὑτοῦ
1318 2411 1579 2504 θέρους
1608 2411 2091 2506 Ἐπιδαυρίοις
2137 2413 2252 2482 καὶ
2294 2410 2643 2506 Ἀργείοις
2678 2406 2990 2500 πόλεμος
3024 2409 3143 2497 ἐγέ-

775 2537 967 2598 νετο,
1023 2511 1384 2606 προφάσει
1435 2514 1566 2605 μὲν
1618 2516 1775 2609 περὶ
1822 2517 1957 2585 τοῦ
1992 2514 2330 2607 θύματος
2378 2515 2512 2587 τοῦ
2543 2510 2999 2589 Ἀπόλλωνος
3030 2511 3140 2582 τοῦ

777 2616 1171 2704 Πυθαέως,
1226 2617 1264 2686 ὃ
1312 2618 1470 2687 δέον
1518 2619 1901 2709 ἀπαγαγεῖν
1954 2621 2078 2690 οὑκ
2116 2621 2530 2711 ἀπέπεμπον
2568 2616 2742 2713 ὑπὲρ
2779 2613 3140 2708 βωταμίων

770 2715 1254 2812 Ἐπιδαύριοι·
1297 2719 1733 2814 κυριώτατοι
1769 2722 1842 2793 δὲ
1876 2724 2010 2793 τοὺ
2048 2724 2244 2818 ἱεροῦ
2278 2717 2460 2820 ἦσαν
2493 2724 2832 2817 ζκΙργεὶοι.
2909 2719 3140 2812 Negle-

776 2832 1028 2890 xerant
1063 2822 1420 2915 Epidaurii
1455 2825 1809 2896 victimam
1848 2828 2121 2897 mittere
2159 2850 2284 2920 pro
2323 2824 2804 2898 conservando
2841 2825 2977 2895 sibi
3012 2824 3139 2895 iure

774 2927 1245 2998 communium
1280 2949 1657 3001 sacrorum.
1738 2930 2007 3001 Eadem
2052 2932 2229 3002 ratio
2267 2930 2752 3002 intercedebat
2788 2929 2969 2998 inter
3001 2927 3140 2997 Asi-

775 3050 991 3100 naeos
1030 3041 1102 3101 et
1135 3030 1700 3119 HermionenseS,
1739 3045 1818 3105 ut
1853 3035 1923 3103 in
1964 3034 2164 3129 Corp.
2209 3037 2422 3106 Inscr.
2465 3059 2530 3129 p.
2577 3037 2752 3106 593.
2802 3032 3013 3103 docet
3047 3030 3137 3098 in-

769 3133 1053 3226 scriptio
1101 3137 1126 3204 l
1152 3139 1177 3205 l
1202 3136 1319 3206 93.

977 3238 1054 3306 In
1090 3238 1342 3309 eodem
1381 3241 1560 3313 libro
1600 3264 1660 3311 c.
1697 3246 1815 3313 85.
1850 3242 2025 3313 haec
2061 3245 2421 3336 leguntur:
2462 3239 2695 3336 ἐπειδὴ
2739 3239 2828 3311 οὐ
2861 3240 3038 3337 πρὸς
3067 3235 3136 3310 τὸ

771 3340 1045 3434 πλῆθος
1085 3346 1153 3410 οἱ
1185 3340 1371 3433 λόγει
1403 3344 1794 3435 γίγνονται,
1839 3346 2028 3424 ὅπως
2057 3345 2138 3442 δὴ
2167 3345 2264 3442 μη
2296 3352 2565 3434 ξυνεχεῖ
2585 3343 2788 3441 ρήσει
2818 3350 2888 3415 οἱ
2911 3343 3132 3416 πολλοὶ

768 3441 1090 3532 επαγωγὰ
1126 3471 1242 3514 και
1282 3448 1650 3573 ἀνέλεγκτα
1685 3447 1942 3533 ε’ςάπαξ
1979 3448 2412 3528 ἀκούσαντες
2447 3450 2653 3545 ἡμῶν
2692 3450 3130 3546 ἀπατηθῶσι,

772 3542 1271 3637 (γιγνώσκομεν
1315 3549 1447 3645 γὰρ
1507 3552 1621 3622 ὅτι
1671 3580 1893 3623 τουτο
1943 3560 2195 3648 φρονεῖ
2233 3555 2438 3650 ἡμῶν
2474 3553 2515 3649 ἡ
2560 3556 2629 3630 ἐς
2665 3551 2839 3631 τοὺς
2890 3551 3135 3642 ὀλίγοις

770 3646 1024 3744 ἀγωγή)
1074 3650 1272 3740 ὑμεῖς
1312 3657 1379 3721 οἱ
1416 3652 1817 3750 καθήμενοι
1854 3657 1960 3727 ἔτι
1994 3658 2520 3751 ἀσφαλερτερον
2556 3652 2934 3752 ποιήσατε·
2994 3654 3130 3727 καθ

768 3756 1065 3823 ἕκαστον
1100 3751 1232 3848 γὰρ
1271 3756 1390 3825 καὶ
1416 3758 1581 3853 μηδ’
1623 3760 1825 3850 ὑμεῖς
1861 3760 1965 3829 ἑνὶ
2000 3757 2208 3851 λόγῳ,
2253 3760 2427 3832 ἀλλὰ
2449 3757 2631 3855 πρὸς
2656 3758 2745 3830 τὸ
2769 3759 2869 3855 μὴ
2901 3761 3133 3834 δοκοῦν

765 3855 1079 3951 επιτηδει
1080 3882 1171 3933 ως
1199 3860 1526 3949 λεγεσθαι
1554 3861 1773 3940 εὐθὺς
1802 3861 2453 3956 ὑπολαμβάνοντες,
2482 3861 2778 3958 κρί.νετε
2842 3863 3130 3935 Potuisse

769 3958 864 4028 ita
899 3960 1111 4031 scribi
1148 3964 1602 4035 contendenti
1639 3966 1975 4038 cedamus
2012 3989 2306 4038 necesse
2343 3978 2482 4038 est:
2538 3967 2668 4038 sed
2719 3989 2963 4061 aegre,
3003 3965 3130 4060 opi-

770 4083 921 4147 nor,
962 4064 1205 4138 credat
1239 4067 1394 4160 quis
1430 4091 1574 4140 non
1611 4070 1976 4164 scripsisse
2013 4070 2525 4165 Thucydidem:
2580 4071 2783 4163 ὑμεῖς
2824 4076 2893 4142 οἱ
2925 4064 3127 4163 καθή-

713 4191 1000 4261 μενοι,
1047 4169 1084 4238 ὃ
1122 4169 1227 4240 ἔτι
1262 4173 1818 4269 ἀσφαλέστερον,
1860 4172 2234 4271 ποιήσατε.

740 4328 771 4355 ,
979 4268 1235 4344 Contra
1278 4298 1430 4370 cap.
1478 4280 1597 4349 90.
1645 4299 1806 4349 cum
1856 4279 2013 4350 libri
2058 4301 2301 4349 veram
2352 4278 2769 4371 scripturam
2810 4275 2856 4372 ᾗ
2897 4276 3025 4369 μὲν
3059 4272 3120 4366 δι]

711 4373 1226 4470 {praeberenss
1275 4375 1553 4472 (nam
1506 4407 1548 4476 η
1590 4391 1662 4451 et
1694 4382 1737 4477 ἢ
1777 4383 1899 4453 vix
1943 4405 2070 4477 pro
2108 4383 2514 4455 diversitate
2552 4379 2683 4477 est)
2741 4382 2888 4453 sola
2935 4381 3127 4451 inter-

711 4478 1163 4574 ppnctionis
1199 4485 1582 4580 mutatione
1618 4506 1794 4579 opus
1833 4498 2019 4558 erat:
2061 4483 2106 4580 ᾗ
2133 4514 2265 4578 μεν
2304 4485 2382 4583 ὁη
2423 4484 2808 4610 νομίζομέν
2842 4508 2936 4578 γε,
2974 4477 3125 4577 χρή·

714 4605 985 4679 {Wflov
1037 4580 1324 4682 (ἀνάγκη
1373 4616 1535 4685 γαρ,
1589 4588 1823 4686 ἐπειδη
1874 4591 2075 4682 ὑμεις
2131 4588 2316 4661 οὕτω
2365 4588 2562 4685 παρὰ
2608 4587 2695 4660 τὸ
2745 4588 3010 4662 δίκαιον
3052 4579 3127 4654 τὸ
