3328 5326
1206 378 1614 442 ammaus.
2483 383 2595 446 ⁴2⁴

236 568 596 642 ilhffltus
630 570 726 642 ad
758 571 1022 642 inferos
1058 571 1287 648 abeat.
1324 621 1341 630 ,
1365 570 1750 643 Sunt·haec
1775 593 1961 643 sane
1997 574 2197 658 talia,
2236 596 2417 667 qnae
2455 577 2605 647 viro

233 682 452 744 aetate
498 674 638 744 iam
672 685 1044 769 provecte,
1082 696 1224 745 non
1260 696 1481 768 puero
1502 728 1520 760 ,
1561 685 1754 746 recte
1792 675 2149 762 dicantur,
2188 686 2261 748 et
2295 680 2604 771 potuisse

232 777 316 847 ita
350 787 513 849 acta
549 800 707 850 esse
743 774 1218 850 confitendum
1271 787 1414 863 est,
1463 779 1595 849 etsi
1630 800 1775 858 *nec
1811 777 1903 850 de
1941 790 2280 874 prytaneo
2327 803 2460 854 nec
2513 782 2603 853 de

230 890 422 974 gesto
450 882 862 975 magistratu
895 882 1033 954 ulla
1072 882 1143 951 in
1171 882 1478 953 carmine
1507 885 1692 954 facta
1719 893 1829 954 est
1845 884 2205 955 indicatio.
2263 883 2367 955 Ac
2395 885 2605 957 video

228 981 435 1064 medi.
512 985 605 1056 At
650 986 854 1064 nimis
894 987 1213 1079 profecto
1244 985 1499 1056 mirum
1536 988 1741 1070 foret,
1778 988 1838 1057 si
1873 1007 2016 1059 non
2043 990 2279 1060 ³solum
2315 988 2608 1081 Hagesi-

228 1087 470 1161 dnmus
533 1089 897 1166 victoriam
915 1142 935 1174 ,
999 1110 1182 1183 qnae
1236 1090 1303 1159 ei
1356 1089 1519 1160 olim
1585 1111 1808 1183 puero
1874 1092 2317 1185 contigisset,
2382 1111 2604 1163 senex

229 1191 504 1274 demum
566 1191 993 1264 sollemniter
1057 1193 1521 1278 celebrasset,
1580 1194 1717 1264 sed
1778 1195 1989 1265 etiam
2043 1194 2378 1267 Pindarus
2435 1215 2609 1290 pro-

231 1296 511 1368 missum
563 1297 808 1390 puerili
843 1297 1178 1370 victoriae
1220 1318 1515 1368 carmen
1551 1305 1654 1368 tot
1685 1319 1911 1371 amos
1943 1309 2118 1391 quot
2143 1300 2331 1370 inter
2375 1295 2608 1393 pneri-

234 1400 386 1478 tiam
424 1410 500 1470 et
534 1411 969 1474 senectutem
1022 1401 1366 1504 intersunt
1403 1398 1804 1472 distulisset.
1881 1399 2096 1474 Multo
2129 1401 2607 1475 verisimilius

228 1514 358 1588 est,
410 1504 793 1578 Pindarum
843 1504 1208 1599 Olympiae
1226 1557 1244 1589 ,
1310 1503 1543 1575 statim
1605 1527 1822 1598 quum
1882 1506 2281 1580 vincentem
2337 1506 2609 1578 viderat

234 1606 797 1701 Hagesidamum,
835 1609 1054 1679 breve
1092 1607 1261 1679 illud
1297 1629 1615 1692 carmen,
1653 1609 1847 1701 quod
1882 1609 1951 1678 in
1990 1609 2324 1682 Boeckhii
2358 1627 2609 1682 recen·

232 1714 421 1786 sione
484 1712 834 1788 decimum
889 1722 1031 1797 est,
1080 1711 1449 1805 scripsisse
1469 1765 1489 1796 ,
1542 1712 1947 1805 promisisse
2000 1723 2233 1788 antem
2297 1735 2604 1798 carmen,

234 1815 411 1907 ,quod
468 1816 542 1889 in
599 1815 876 1909 publica
937 1815 1264 1888 victoriae
1322 1814 1798 1888 celebratione
1868 1817 2056 1910 apud
2105 1817 2607 1913 Epizephyrios

234 1918 484 1991 Locros
535 1929 935 2003 caneretur3
988 1918 1180 2012 quod
1231 1940 1446 2011 quum
1492 1920 1733 1992 facere
1785 1921 2039 1994 oblitus
2075 1931 2300 2006 esset,
2339 1923 2609 2015 penso!-

235 2022 407 2094 visse
472 2022 787 2095 debitum
848 2044 1034 2096 anno
1095 2030 1344 2115 quarto
1360 2073 1382 2107 ,
1449 2020 1586 2094 hoc
1638 2033 1748 2093 est
1798 2024 2118 2117 proxima
2168 2024 2602 2120 Olympiade

235 2124 388 2197 Nam
442 2147 628 2220 quae
679 2125 894 2197 modo
947 2125 1270 2197 dicebam
1323 2125 1425 2195 sic
1479 2126 1739 2220 scripta
1792 2148 1988 2212 esse,
2041 2137 2121 2200 ut
2172 2128 2323 2199 seni
2376 2130 2608 2222 potius

232 2250 427 2321 quam
481 2252 697 2324 puero
752 2229 1122 2304 convenire
1171 2228 1576 2314 videantur,
1626 2251 1713 2302 ea
1757 2252 1882 2302 cur
1927 2230 2025 2302 ita
2058 2231 2414 2325 scripserit
2447 2231 2612 2302 Pin·

233 2331 433 2410 datus
484 2356 583 2404 ex
632 2335 784 2427 ipso
832 2332 1141 2408 carmine
1186 2342 1356 2427 puto
1405 2333 1693 2427 intelligi
1743 2355 1972 2427 posse.
2048 2333 2281 2427 Aegre
2318 2345 2611 2406 stetenat

236 2436 295 2510 in
326 2437 709 2512 certamine
738 2436 1278 2529 ,Hagesidmnus,
1320 2444 1394 2512 ut
1430 2436 1608 2510 haec
1645 2438 1866 2510 verba
1903 2437 2236 2522 indicant,
2274 2436 2498 2533 τράπε
2533 2438 2610 2510 δὲ

235 2542 538 2614 Κυκνέϊα
588 2534 785 2633 μάχα
832 2540 954 2612 καὶ
1002 2540 1342 2635 ὑπέρβιον
1389 2537 1779 2635 Ἡρακλέα,
1850 2541 2254 2636 viceratqne
2321 2541 2608 2614 tamdem

237 2644 533 2716 collectis
580 2644 838 2717 viribus
856 2698 876 2729 ,
930 2663 1146 2737 quum
1190 2641 1552 2736 instigaret
1588 2644 1923 2737 magister
1958 2646 2111 2719 eius
2148 2646 2299 2718 llas.
2380 2645 2611 2719 Sensit

235 2746 355 2819 hoc
407 2759 612 2820 vetus
662 2748 1104 2832 scholiasteS,
1161 2747 1281 2841 qui
1330 2748 1641 2841 scripsit:
1701 2748 1877 2825 322„ae
1930 2749 2004 2831 ἀὲ
2048 2751 2089 2821 ὁ
2132 2748 2612 2846 Ἁγησίδαμος

236 2850 584 2949 ἡττῆσθαι
652 2852 980 2948 πρῶτον,
1052 2846 1211 2922 εἶτα
1272 2850 1574 2947 ὕστερον
1626 2851 1768 2923 ὑπὸ
1817 2849 2086 2925 'Iol-dm)
2135 2852 2613 2949 παροξυνθεὶς

239 2955 675 3052 νενικηκέναι.
787 2955 900 3025 Ex
945 2976 1086 3047 quo
1136 2953 1475 3048 suspicari
1526 2954 1690 3025 licet
1741 2955 1834 3024 ita
1884 2965 2255 3029 contusum
2308 2976 2468 3027 esse
2520 2955 2611 3027 ab

242 3056 666 3144 adversario,
703 3069 781 3130 ut
814 3058 886 3128 in
920 3066 1279 3151 posterum
1329 3066 1450 3130 aut
1496 3058 1801 3131 noluerit
1836 3070 1957 3130 aut
1990 3081 2082 3129 ne
2118 3059 2425 3152 potuerit
2457 3060 2615 3150 qui-

240 3159 390 3235 dem
438 3163 751 3256 pugilatu
794 3172 1088 3233 certare.
1164 3159 1268 3233 Ac
1305 3181 1537 3253 neque
1574 3160 1936 3233 victoriam
1973 3162 2124 3233 eius
2162 3162 2366 3237 aliam
2405 3163 2610 3235 ullam

238 3274 350 3337 aut
380 3275 739 3343 certamen
776 3273 1279 3339 commemorat
1315 3262 1677 3349 PindaruS,
1715 3285 1873 3348 nec,
1912 3264 2104 3358 quod
2141 3267 2373 3337 facere
2412 3266 2613 3349 solet,

243 3368 515 3449 aliarum
571 3392 770 3465 spem
825 3369 1270 3445 victoriarum
1325 3367 1668 3452 ostendit,
1724 3367 1822 3441 ita
1873 3380 1949 3439 nt
2003 3369 2095 3441 de
2132 3391 2251 3455 e0,
2305 3370 2427 3463 qui
2477 3370 2616 3440 iam

239 3469 600 3546 defunctus
653 3485 843 3545 esset
895 3472 1211 3544 certandi
1264 3471 1529 3556 studio,
1577 3493 1749 3541 vere
1808 3471 1948 3543 dici
2002 3472 2310 3567 potnerit
2364 3475 2616 3547 frustra

239 3574 528 3663 vixisse,
577 3577 691 3650 cni
737 3576 1241 3649 transeundum
1291 3576 1385 3646 ad
1437 3575 1697 3646 inferos
1747 3575 1838 3645 sit
1872 3577 2024 3647 sine
2058 3577 2299 3671 gloria.
2373 3578 2615 3668 Itaque

240 3675 589 3768 Pindarus,
627 3703 768 3775 quo
806 3688 1295 3798 compensaret
1335 3677 1784 3751 deficientem
1822 3680 2112 3752 aliarum
2151 3680 2433 3752 laudum
2470 3700 2618 3749 ma-

241 3782 502 3870 teriam,
542 3794 735 3857 tanto
772 3785 1106 3879 ampliore
1142 3782 1522 3878 praeconio
1558 3782 2004 3875 splendidum
2044 3783 2386 3854 honorem
2423 3783 2619 3853 insti-

239 3894 538 3958 tutorum
564 3890 655 3960 ab
682 3889 981 3960 Hercule
1007 3884 1352 3972 ludorum,
1394 3887 1462 3957 in
1500 3886 1754 3979 quibus
1777 3885 2286 3981 Hagesidamus
2313 3884 2615 3969 vicisset,

240 3994 617 4063 exornavit.
698 3993 821 4063 Illa
872 4002 1106 4063 antem
1149 3991 1338 4065 senis
1378 4011 1603 4085 puero
1641 3989 1776 4060 sibi
1815 4000 1980 4061 nato
2016 3989 2389 4084 gaudentis
2425 4011 2620 4060 com-

240 4093 507 4184 paratio
539 4119 683 4169 non
718 4095 810 4167 ad
846 4105 1148 4166 aetatem
1185 4095 1499 4179 victoris,
1538 4094 1672 4164 sed
1707 4090 1802 4164 ad
1838 4093 2177 4166 diutinam
2212 4093 2617 4165 dilationem

240 4195 558 4289 promissi
592 4199 921 4277 carminis
955 4198 1227 4271 videtur
1262 4216 1422 4269 esse
1459 4196 1852 4268 mter-enda.

451 4302 827 4375 In-tertio
873 4302 1216 4375 decimo
1252 4302 1561 4372 carmine
1594 4300 1922 4375 omnibus
1957 4301 2029 4370 in
2066 4300 2368 4394 strophis
2391 4320 2618 4393 -qunm

243 4405 538 4491 numeri,
572 4418 716 4479 tum
748 4406 962 4478 etim
997 4405 1207 4476 verba
1243 4413 1405 4482 sunt
1440 4405 1737 4477 turbata.
1829 4404 1919 4474 Et
1955 4404 2024 4473 in
2059 4404 2280 4498 prima
2335 4404 2618 4497 quidam

242 4508 533 4604 stropha
565 4510 663 4581 sic
698 4521 809 4582 est
840 4508 1323 4582 scribendum:
2355 4535 2360 4540 ·
