3328 5326
670 385 800 447 VIII
1627 378 2076 444 PRAEFATIO.

668 574 1263 669 comprehendere
1298 595 1595 668 possem.
1671 575 2087 667 'Temporum
2123 573 2307 643 enim
2356 571 2672 664 iniquitas
2725 571 2905 656 tulit,
2961 580 3041 643 ut

677 705 1050 776 Hermanni
1087 707 1424 798 opuscula
1460 703 1716 775 inedita
1752 712 1909 797 post
1944 711 2236 773 mortem
2264 701 2557 795 Hauptii,
2588 701 2785 773 cuius
2825 720 3044 772 curae

673 833 995 906 mandata
1050 843 1274 919 erant,
1338 856 1479 904 non
1534 817 1826 905 collecta
1870 832 2340 904 invenirentur
2390 830 2518 901 sed
2565 829 3045 922 undecunque

672 964 835 1033 mihi
871 971 1105 1035 essent
1140 962 1636 1055 conquirenda,
1667 962 1758 1033 de
1785 984 1924 1055 qua
1965 983 2041 1032 re
2083 962 2153 1030 in
2190 960 2423 1031 Indice
2451 960 2683 1030 Philol.
2718 960 2859 1030 vol.
2895 959 3030 1029 vll.

673 1116 739 1186 p.
775 1091 919 1167 254
962 1092 1242 1164 uberius
1278 1093 1588 1186 exposui.
1666 1091 1927 1162 Ibidem
1979 1112 2135 1162 cum
2180 1090 2642 1183 rogavissem,
2698 1097 2775 1161 ut
2824 1110 3078 1182 opus-.

677 1222 985 1294 culorum
1037 1220 1465 1294 edendorum
1516 1241 1913 1306 numerum,
1966 1241 2172 1312 quem
2224 1238 2680 1313 apposueram
2700 1271 2717 1302 ,
2773 1218 2837 1289 si
2884 1218 3046 1311 quis

676 1350 863 1423 unde
913 1371 1238 1445 augerem
1285 1351 1533 1432 sciret,
1589 1373 1680 1421 ne
1733 1370 1987 1444 operae
2038 1370 2235 1420 meae
2274 1348 2576 1434 deesset,
2619 1356 2718 1417 tot
2756 1356 3049 1440 tamque

678 1479 1021 1552 iucundae
1061 1480 1151 1551 ad
1185 1502 1297 1551 me
1333 1488 1803 1574 pervenerunt
1830 1479 2166 1572 epistulae
2196 1478 2344 1549 sive
2370 1497 2549 1569 quae
2577 1497 2689 1546 me
2718 1478 3053 1570 fugerant

678 1610 1099 1703 explentium
1137 1610 1285 1681 sive
1321 1608 1749 1681 laudantium
1786 1628 1929 1677 rem
1965 1629 2009 1678 ra
2049 1628 2160 1677 me
2197 1606 2572 1680 institutam
2610 1605 3051 1699 consilioque

678 1747 748 1809 et
785 1738 1191 1811 auctoritate
1227 1738 1724 1823 adiuvantium,
1763 1745 1839 1809 ut
1883 1744 2211 1828 quantum
2248 1733 2624 1807 Godofredi
2661 1735 3049 1807 Hei-manni

679 1867 1008 1940 memoria
1055 1868 1240 1962 apud
1300 1889 1421 1939 eos
1464 1867 1761 1946 valeret,
1830 1865 1948 1958 qui
2006 1864 2409 1958 disciplinae
2452 1864 2582 1973 firi
2634 1864 3047 1939 immortalis

675 2019 832 2070 sese
869 1997 1248 2084 dedissent,
1286 1997 1504 2091 probe
1540 1995 2025 2090 perspicerem.
2102 1994 2176 2064 In
2213 2014 2504 2085 quorum
2548 2014 2845 2065 numero
2885 2016 3046 2066 cum

677 2127 787 2198 alii
826 2126 1103 2220 egregie
1154 2128 1243 2199 de
1297 2127 1430 2198 hoc
1481 2126 1655 2196 libro
1706 2123 1929 2194 meriti
1970 2132 2159 2207 sunt,
2204 2132 2348 2194 tum
2385 2121 2779 2194 Ludovicus
2820 2123 3047 2193 Kreh-

678 2256 840 2341 lius,
908 2256 1366 2327 bibliothecae
1423 2252 1862 2325 academicae
1918 2252 2252 2346 Lipsiensi
2295 2253 2706 2345 praefectus.
2803 2253 3048 2345 Itaque

677 2393 1040 2478 postquam
1066 2385 1435 2455 multorum
1466 2382 1720 2454 auxilio
1738 2370 2134 2453 sublevatus
2163 2401 2308 2450 rem
2338 2388 2411 2451 ut
2437 2380 2627 2473 potui
2658 2382 3047 2473 perfecisse
3117 2399 3121 2403 ⁴

681 2512 945 2597 videor,
984 2520 1246 2584 tantum
1283 2520 1514 2582 tamen
1550 2511 1783 2595 abest,
1843 2519 1914 2581 ut
1947 2509 2114 2579 nihil
2165 2508 2557 2601 neglectum
2590 2511 3045 2602 praetermis-

682 2660 926 2714 sumve
978 2661 1136 2714 esse
1187 2639 1625 2726 contendam,
1683 2649 1757 2712 ut
1792 2639 1849 2711 si
1902 2638 2054 2733 quis
2092 2638 2475 2733 imperitiae
2511 2659 2712 2709 meae
2749 2661 3045 2714 succur-

681 2792 836 2843 rere
887 2771 1220 2866 potuerit,
1274 2769 1426 2844 eius
1478 2793 1590 2841 me
1639 2767 1982 2841 beneficio
2048 2769 2445 2841 devinctum
2497 2767 2577 2838 iri
2622 2769 3062 2841 existimem«

680 2900 851 2973 Illud
886 2900 1096 2973 modo
1134 2899 1512 2994 deprecor,
1555 2920 1647 2970 ne
1684 2899 1836 2991 quis
1869 2898 2378 2969 sanctissimum
2421 2897 2693 2991 pietatis
2730 2898 3041 2971 officium

682 3052 838 3102 mea
888 3030 1091 3124 culpa
1134 3029 1528 3100 criminetur
1580 3028 1848 3100 laesum
1900 3048 2091 3098 esse:
2157 3026 2346 3119 quod
2396 3047 2553 3098 cum
2594 3024 2679 3095 ab
2716 3028 3041 3099 omnibus

683 3159 1045 3254 philologis
1081 3168 1226 3246 tum
1261 3158 1349 3229 ab
1386 3179 1497 3228 me
1534 3180 1673 3231 uno
1711 3179 1797 3228 ex
1823 3156 2193 3229 Hermanni
2229 3154 2599 3249 nepotibus
2630 3156 2883 3226 summi
2918 3155 3049 3225 viri

684 3288 1054 3360 memoriae
1095 3287 1408 3358 debetur.

994 3459 1396 3530 Scribebam
1432 3458 1838 3530 Gustroviae

800 3583 1009 3649 Idibus
1040 3585 1361 3648 Decembr.
1397 3604 1452 3647 a.
1490 3584 2009 3655 MDCCCLXXVI.
