3328 5326
692 357 716 416 ⁴
731 356 767 417 3
778 358 813 418 0
1642 348 2123 414 AESCHYLUS.

896 542 1415 641 ἑναροκτάντας
1450 543 1523 614 δὲ
1560 540 1842 636 φθόνος
1879 544 2098 631 αὐχαῖ
2096 567 2127 619 ς

901 650 1180 741 ἕγκοτος
1214 646 1408 739 ὑψοῦ

1105 752 1302 828 τέλος
1338 747 1726 821 ἀθανάτων
1762 746 2151 840 ἀπολείψει,

901 828 1050 951 ἥξει
1083 856 1141 925 τ’
1180 849 1510 945 ἐχθρούς-

694 958 1057 1053 Displicuit
1092 957 1228 1028 hoc
1268 956 1675 1040 Welckero‚
1716 953 2065 1048 displicuit
2102 954 2471 1026 Schoellio.
2550 955 2703 1026 Non
2753 967 2923 1050 puto
2975 957 3079 1029 id—

697 1063 886 1133 circo
937 1062 1186 1133 falsum
1239 1080 1426 1130 esse:
1497 1058 1628 1130 sed
1688 1058 2013 1130 refutanti
2071 1068 2189 1129 aut
2240 1059 2483 1130 melius
2535 1058 2704 1152 quid
2759 1060 3078 1132 afferenti

696 1175 968 1259 gratum
1006 1186 1116 1235 me
1155 1166 1305 1234 fore
1337 1161 1688 1256 profiteor.
1764 1161 1898 1246 Qui
1933 1161 2046 1231 hic
2083 1162 2257 1232 altas
2294 1161 2584 1233 deorum
2621 1162 2830 1234 sedes
2866 1165 3083 1235 relin-

697 1291 915 1361 quere
936 1268 1211 1354 dicitur,
1234 1288 1324 1337 ex
1348 1265 1693 1338 Welckeri
1725 1265 2068 1358 sententia
2093 1264 2268 1338 deus
2297 1265 2538 1337 mortis
2567 1276 2696 1351 est,
2728 1264 3078 1345 Θάνατος,

576 1372 789 1453 p.4At
836 1373 1246 1445 meminerat
1297 1370 1405 1440 vir
1453 1368 1878 1462 antiquitatis
1943 1369 2400 1462 peritissimus
2461 1369 2647 1440 hunc
2708 1391 2849 1440 non
2903 1371 3088 1442 inter

697 1497 991 1569 superos
1045 1478 1115 1545 in
1166 1475 1402 1559 cae10‚
1456 1473 1587 1546 sed
1622 1474 1694 1542 in
1731 1472 1912 1543 Orco
1949 1471 2135 1566 apud
2188 1472 2448 1543 inferos
2485 1472 2822 1544 hahitare.
2899 1475 3086 1559 Quid

698 1576 905 1673 igitur
965 1581 1270 1650 faceret?
1354 1576 1800 1668 Excogitavit
1865 1576 2036 1647 hoc:
2111 1575 2320 1647 deum
2389 1578 2629 1647 mortis
2694 1586 2770 1647 ut
2830 1582 3084 1673 ε’ναρο-

698 1680 1007 1754 κτάνταν
1033 1692 1226 1753 recte
1255 1703 1350 1751 ex
1379 1681 1517 1751 alto
1546 1680 1811 1765 venire,
1851 1680 2013 1773 quia
2050 1680 2527 1751 tantummodo
2562 1681 2662 1751 vis
2698 1680 2928 1751 divina
2974 1683 3084 1767 sit,

698 1807 878 1878 quae
942 1786 1012 1855 in
1075 1785 1353 1880 proeliis
1417 1784 1736 1854 homines
1796 1781 2123 1877 perimat,
2188 1783 2466 1875 qualem
2529 1784 2945 1854 daemonem
3019 1787 3087 1855 in

701 1888 1066 1982 Sophoclis
1141 1887 1500 1984 iphigenia
1572 1887 1916 1958 Antaeum
1985 1896 2056 1964 et
2115 1885 2443 1979 Aeschyli
2504 1887 3090 1981 Amphidromum

699 1993 1014 2085 aliosque
1051 2014 1231 2063 esse.
1288 1992 1441 2062 Non
1477 2000 1646 2085 puto
1686 2012 1844 2062 eum
1883 1990 2016 2062 hoc
2046 1992 2367 2084 cuiquam
2395 1992 2860 2084 persuasisse:
2904 2014 3090 2083 quo-

698 2094 886 2166 circa
946 2096 1117 2166 satis
1170 2096 1335 2180 erit,
1391 2116 1721 2187 magnum
1774 2095 1891 2186 qui
1939 2095 2011 2163 in
2060 2093 2167 2164 his
2220 2103 2327 2164 est
2377 2114 2676 2187 eumque
2729 2094 3093 2188 duplicem

690 2219 1009 2271 errorem
1060 2200 1441 2293 aperuisse.
1515 2197 2058 2292 Amphidrozmus
2108 2196 2389 2290 quidem
2433 2197 2733 2269 daemon
2785 2197 3084 2291 quidam

694 2303 853 2373 fuit:
893 2304 1240 2375 Antaeum
1277 2311 1511 2373 autem
1547 2301 1953 2372 Welckerus
1992 2311 2063 2371 et
2099 2300 2219 2370 Th.
2254 2299 2589 2393 Bergkius
2635 2314 3086 2375 creaverunt.

692 2406 942 2478 Nullus
981 2407 1165 2477 enim
1203 2406 1352 2489 fuit,
1391 2405 1520 2475 sed
1558 2414 1667 2474 est
1702 2401 1870 2475 illud
1893 2423 2162 2475 nomen
2185 2404 2642 2491 adiectivum,
2675 2405 3095 2479 dicebatur-

697 2529 834 2601 que
872 2511 1162 2586 ἀνταΐος
1194 2507 1367 2585 θεὸς
1403 2516 1474 2578 et
1510 2505 1769 2577 ἀνταία
1799 2503 2000 2585 θεός.
2082 2507 2232 2578 Non
2284 2509 2506 2602 magis
2552 2510 2731 2581 ullus
2775 2509 3092 2583 daemon

692 2610 1259 2708 Ἐναροκτάντας
1309 2611 1469 2696 fuit,
1512 2610 1647 2681 sed
1695 2610 1832 2682 hoc
1875 2629 2157 2704 quoque
2191 2632 2447 2684 nomen
2487 2613 2917 2685 adiectivum
2954 2625 3113 2706 est,-

692 2726 796 2801 ut,
836 2717 970 2787 nisi
1004 2717 1513 2788 substantivum
1552 2713 1875 2800 addatur,
1915 2715 2308 2787 nesciamus
2333 2717 2490 2809 quis
2511 2717 2694 2788 ‘deus
2722 2728 2841 2788 aut
2868 2717 3094 2791 homo

694 2821 785 2889 sit
845 2816 1387 2913 ἐναροκτάντας.
1504 2818 1803 2888 Tametsi
1861 2838 2027 2889 vero
2090 2820 2320 2891 nullus
2384 2830 2493 2891 est
2552 2821 2684 2891 iste
2749 2821 3091 2911 daemon,

696 2931 931 2994 tamen
986 2944 1149 2994 eum
1200 2940 1586 3007 assumam,
1640 2931 1717 2992 ut
1751 2921 2031 2992 videam
2069 2918 2237 3014 quid
2275 2940 2361 2994 eo
2395 2923 2538 2994 fiat.
2613 2925 2845 3008 Quum
2888 2926 3094 3021 apud

694 3026 1118 3120 Hesychium
1146 3027 1478 3097 lacunosa
1504 3026 1845 3118 scriptura
1874 3026 1962 3096 sit
1981 3032 2243 3119 φθογγ.
2261 3079 2277 3095 .
2294 3024 2553 3115 .κο’τος,
2582 3027 2653 3099 id
2667 3026 3096 3103 Welckerus

694 3139 894 3224 putat
952 3127 1483 3223 φθογγοσκότος
1536 3129 1788 3215 fuisse,
1844 3150 1983 3222 quo
2033 3150 2285 3202 vocem
2337 3130 2573 3200 celans
2624 3130 3095 3224 significetur,

694 3234 955 3327 pariter
994 3243 1067 3303 ut
1108 3230 1544 3328 ouovomy'd'vqg
1580 3242 1650 3302 et
1689 3229 2155 3328 σκοτομήνιος
2190 3232 2492 3318 dicatur,
2529 3235 2649 3326 qui
2687 3236 3095 3325 consilium,

694 3336 818 3427 qui
863 3336 1038 3403 iram
1086 3336 1290 3404 celet.
1368 3336 1507 3405 Has
1554 3334 2160 3428 interpretationes
2214 3358 2255 3406 a
2297 3356 2417 3407 me
2455 3338 2668 3407 refelli
2710 3349 2830 3410 aut
2865 3340 3100 3411 ullum

694 3434 992 3507 verbum
1032 3436 1130 3525 de
1180 3446 1585 3530 portentoso
1637 3439 1751 3508 illo
1790 3437 2321 3530 φθογγοσκότος
2367 3438 2532 3511 addi
2574 3459 2790 3513 nemo
2834 3454 3098 3537 postu-

692 3539 885 3610 labit.
966 3540 1106 3610 Sed
1142 3549 1375 3610 tamen
1410 3540 1518 3610 his
1555 3563 1723 3612 usus
1752 3540 2157 3613 Welckerus
2194 3543 2460 3615 scribit:
2497 3544 3100 3640 Ἐναροκταντας

695 3643 770 3715 δὲ
807 3641 1338 3737 φθογγοσκότος
1368 3643 1565 3735 ὑψοῦ
1609 3645 1805 3720 τέλος
1850 3641 2235 3714 αθανάτων
2280 3643 2666 3738 ἀπολείψει.
2746 3648 2869 3718 His
2909 3671 3099 3723 vero

695 3747 790 3819 ad
823 3748 1026 3819 metri
1062 3746 1405 3817 rationem
1439 3767 1565 3840 pes
1602 3747 1838 3832 deest,
1879 3754 1955 3817 ut
1989 3747 2048 3817 is
2069 3801 2086 3832 ‚
2126 3749 2242 3840 qui
2278 3749 2699 3842 vituperavit
2740 3751 3102 3827 insertum

695 3869 737 3921 a
776 3870 890 3921 me
928 3852 1203 3941 αὐχαΐς,
1246 3859 1477 3921 tamen
1514 3859 1587 3921 et
1623 3848 1773 3945 ipse
1802 3849 2063 3943 aliquid
2089 3850 2398 3923 inserere
2427 3851 2704 3924 debeat.
2761 3855 3103 3949 Ecquem

688 3953 902 4045 igitur
953 3954 1478 4025 dissentientem
1536 3953 1815 4025 habebo
1837 4008 1855 4039 ,
1907 3953 1965 4023 si
2018 3954 2186 4024 mihi
2236 3956 2413 4026 haec
2466 3958 2695 4028 omnia
2746 3956 3103 4034 videntur

687 4056 1016 4149 cupidius
1053 4080 1259 4150 quam
1297 4058 1640 4152 pensitate
1677 4059 1994 4151 prolata?
2073 4056 2452 4176 Apparebit
2485 4060 2559 4131 id
2594 4063 2819 4155 magis
2865 4065 3102 4136 etiam

690 4170 792 4228 ‘ex
826 4160 931 4245 iis,
970 4180 1150 4252 quae
1185 4178 1387 4231 meae
1415 4161 1886 4233 emendationi
1914 4162 2222 4255 opponit.
2275 4162 2861 4257 Ἐναοοκτάνταν
2892 4188 2934 4238 a
2965 4190 3099 4240 me

692 4280 823 4356 pro
861 4262 1198 4334 adiectivo
1249 4264 1492 4335 haberi
1544 4265 1671 4349 ait,
1709 4264 2198 4349 mirabunduS,
2237 4273 2314 4335 ut
2350 4265 2637 4338 videtur.
2711 4269 2903 4341 Sane
2950 4294 3101 4365 pro

694 4366 1034 4438 adiectivo
1085 4362 1336 4452 habui,
1390 4367 1551 4460 quia
1601 4390 1743 4438 non
1801 4379 1910 4440 est
1961 4368 2505 4440 substantivum:
2566 4370 3098 4467 vituperandus

694 4470 880 4540 enim
947 4469 1260 4554 fuissem,
1317 4471 1377 4540 si
1429 4470 1884 4543 credidissem
1943 4470 2453 4543 substantivum
2516 4495 2694 4545 esse.
2799 4476 3098 4551 Deinde

691 4573 894 4645 valde
940 4572 1187 4644 mirum
1238 4594 1427 4658 esse,
1479 4575 1668 4666 quod
1720 4575 1792 4646 id
1842 4575 2199 4670 epitheton
2247 4595 2403 4646 esse
2450 4576 2750 4651 invidiae
2771 4582 2910 4651 =vel
2964 4606 3101 4655 re-
