3328 5326
703 397 828 458 ’150
1444 360 1449 366 ’
1659 395 2142 459 AESCHYLUS.

706 589 766 661 si
815 590 884 659 in
933 599 1166 659 mente
1218 587 1580 659 habuisset
1624 587 2049 682 AeschyluS,
2104 597 2294 659 certe
2340 587 2411 658 id
2457 588 2687 680 aliquo
2732 586 2944 658 modo
2981 586 3084 655 in-

707 694 1013 765 dicatum
1051 692 1471 762 videremus.
1563 692 1652 761 At
1698 715 1839 762 non
1887 693 1977 763 ab
2015 693 2169 762 Iove
2206 692 2442 785 punita
2479 702 2588 762 est
2623 693 2732 775 Ic,
2771 690 2890 783 qui
2931 711 3086 759 eam

707 818 942 868 amare
994 815 1137 866 non
1192 795 1430 879 desiit,
1471 795 1599 866 sed
1637 815 1766 888 per
1801 796 2078 869 lunonis
2118 796 2289 865 iram
2326 796 2395 865 in
2434 796 2562 865 ista
2601 795 2782 865 mala
2820 791 3084 863 incidit.

706 901 954 971 Narrat
1004 900 1187 969 enim
1235 921 1312 969 se
1366 900 1669 984 somnia,
1726 900 2336 992 quae‘suaderent
2387 908 2461 970 ut
2496 899 2680 969 {ovis
2728 893 3086 990 cupiditati

706 1005 1173 1087 satisfaceret,
1224 1004 1401 1096 patri
1457 1003 1849 1096 aperuisse,
1893 1004 2003 1074 cui
2048 1004 2329 1074 oracula
2368 1002 2757 1073 consulenti
2797 1021 3092 1094 respon-

636 1121 639 1126 “
706 1127 861 1179 sum
898 1106 1008 1192 sit,
1047 1107 1117 1175 ni
1154 1103 1365 1177 filiam
1395 1106 1605 1177 domo
1643 1118 1714 1176 et
1752 1107 1972 1199 patria
1999 1107 2405 1200 expelleret,
2440 1105 2837 1176 universum
2865 1124 3093 1197 genus

705 1233 906 1283 suum
945 1210 1292 1303 perditum
1331 1210 1440 1295 iri3
1484 1210 1719 1303 itaque
1757 1212 2093 1303 expulsae
2132 1220 2353 1280 terras
2382 1208 2801 1308 pervagandi
2838 1228 3093 1278 neces-

705 1316 980 1385 sitatem
1029 1333 1155 1408 per
1206 1315 1378 1384 iram
1430 1315 1709 1386 Iunonis
1758 1335 1916 1384 esse
1969 1314 2377 1407 impositam.
2477 1314 2548 1382 In
2600 1313 2706 1383 his
2758 1311 2929 1381 nihil
2987 1311 3093 1380 in-

707 1418 940 1502 veni0,
993 1417 1184 1511 quod
1223 1418 1689 1488 Schoemanni
1740 1418 2378 1510 interpretationem
2429 1428 2720 1488 tueatur.
2796 1415 2975 1485 Nam
3024 1416 3091 1483 in

705 1520 1037 1615 Epaph0‚
1095 1543 1301 1614 quem
1360 1521 1432 1591 Io
1479 1543 1572 1591 ex
1617 1522 1772 1591 Iove
1825 1521 2128 1614 peperit,
2169 1519 2333 1590 nihil
2369 1522 2683 1613 profecto
2721 1529 2858 1603 est,
2897 1518 3091 1611 quod

707 1625 1057 1695 hominem
1096 1625 1227 1696 diis
1265 1625 1663 1696 similiorem
1693 1623 1943 1718 prodat
1976 1643 2184 1716 quam
2225 1624 2451 1716 quivis
2489 1624 2662 1694 alius
2700 1623 2911 1693 homo
2950 1632 3089 1704 est3

706 1730 824 1822 qui
884 1738 1117 1800 autem
1180 1729 1413 1799 multis
1476 1739 1637 1823 post
1699 1728 2263 1821 generationibus
2318 1749 2411 1798 ex
2463 1727 2732 1820 Epaphi
2791 1726 3095 1819 posteris

706 1842 911 1904 natus
965 1843 1071 1902 est
1107 1832 1476 1918 Hercules,
1527 1831 1678 1904 eius
1726 1844 2057 1918 matrem,
2095 1832 2416 1902 maritum
2451 1852 2651 1902 suum
2687 1829 3096 1922 Amphitru-

683 1943 913 2007 onem
952 1956 1029 2007 se
1068 1937 1392 2032 amplecti
1441 1948 1693 2026 ratam,
1734 1933 2048 2029 captiosa
2097 1935 2363 2006 fallacia
2405 1934 2932 2005 Schoemannus
2969 1954 3100 2004 vo-

707 2041 962 2111 lentem
1004 2062 1162 2112 cum
1201 2040 1356 2111 Iove
1396 2040 1860 2111 concubuisse
1899 2038 2116 2111 finxit.
2176 2038 2526 2131 Virginem
2555 2039 2968 2108 Alcmenam
3005 2057 3099 2107 ex

705 2146 871 2215 Iove
910 2145 1320 2237 concepisse
1358 2145 1548 2214 solus
1587 2143 1914 2236 prodidit,
1956 2142 2195 2213 nescio
2233 2163 2371 2235 quo
2410 2163 2600 2225 casu,
2629 2139 2974 2211 Ernestus
3005 2140 3097 2211 de

706 2247 1007 2319 Lasaulx
1053 2250 1122 2318 in
1175 2247 1474 2341 eleganti
1527 2247 1616 2317 de
1671 2246 2082 2316 Prometheo
2133 2245 2620 2336 dissertatione
2676 2268 2739 2338 p.
2793 2248 2857 2315 6.
2951 2245 3096 2314 Iam

707 2373 875 2444 ergo
931 2373 1070 2421 non
1122 2352 1340 2443 magis
1377 2350 1714 2419 Alcmena
1760 2349 1950 2441 quod
1983 2351 2230 2419 'Iovem
2265 2349 2624 2419 admiserit
2661 2347 2931 2420 laudari
2970 2369 3101 2442 po-

708 2455 887 2538 terit,
920 2476 1129 2544 quam
1165 2455 1235 2523 Io
1273 2451 1463 2545 quod
1495 2462 1695 2523 -casta
1729 2473 2016 2523 manere
2053 2453 2374 2522 maluerit
2406 2452 2803 2545 vituperari,
2834 2462 3100 2523 totum-

706 2579 844 2652 que
899 2557 1065 2628 illud
1118 2557 1259 2627 Iovi
1318 2556 1646 2626 tributum
1710 2555 2072 2627 consiliu-m
2137 2577 2263 2648 per
2316 2555 2493 2626 filios
2544 2576 2638 2625 ex
2686 2556 3100 2626 mortalibus

708 2659 980 2731 feminis
1016 2680 1237 2753 genus
1277 2659 1656 2731 humanum
1695 2658 1785 2730 ad
1824 2658 2115 2732 deorum
2144 2658 2661 2731 similitudinem
2691 2658 3097 2731 adducendi

707 2765 777 2835 in
829 2764 977 2834 sola
1029 2764 1232 2835 unius
1285 2764 1598 2835 Herculis
1654 2764 2010 2834 creatione
2063 2765 2511 2835 consumit-ur.
2586 2763 2773 2856 Ergo
2828 2786 3101 2858 suppo—

704 2869 911 2939 situm
949 2879 1057 2938 est
1092 2867 1472 2960 Aeschylo,
1514 2867 1604 2937 de
1642 2889 1781 2963 quo
1819 2868 1930 2938 ille
1970 2888 2110 2937 non
2148 2866 2507 2960 cogitavit,
2548 2876 2650 2952 et,
2690 2867 2749 2938 si
2786 2868 3099 2960 cogitas-

706 2983 836 3056 set,
876 2991 1160 3065 operam
1200 2971 1619 3064 perdidisset
1655 2994 1796 3042 non
1835 2972 2245 3042 intellectus

914 3075 1326 3147 Perventum
1363 3085 1471 3145 est
1511 3075 1602 3145 ad
1639 3077 1936 3147 alterum
1980 3075 2467 3168 disputationis
2517 3084 2802 3153 nostrae
2853 3085 3094 3168 caput.

706 3178 1201 3264 Quaerendum
1255 3189 1362 3249 est
1411 3180 1595 3248 enim
1649 3180 2043 3272 potueritne
2091 3179 2207 3248 tali
2261 3177 2472 3248 modo
2521 3177 2687 3248 solvi
2727 3199 2768 3248 e
2806 3178 3106 3249 vinculis

706 3282 1195 3367 PrometheuS,
1254 3284 1530 3375 qualern
1586 3283 2111 3353 Schoemannus
2161 3282 2572 3374 composuit.
2685 3282 3106 3374 Sumpserat

705 3387 933 3456 Iovem
971 3407 1112 3454 non
1148 3407 1356 3478 posse
1396 3386 1763 3478 ingratum,
1804 3385 2155 3468 iniustum,
2195 3384 2553 3455 crudelem
2598 3406 2788 3468 esse;
2840 3404 3107 3478 eapro-

706 3503 861 3582 pter
890 3490 956 3557 in
989 3489 1304 3582 proxima
1334 3486 1693 3581 tragoedia
1722 3487 2107 3560 curandum
2136 3488 2349 3559 fuisse
2380 3500 2453 3559 ut
2490 3488 2637 3560 iure
2667 3510 2746 3558 se
2775 3489 3105 3582 punitum

707 3595 1032 3664 confesso
1086 3591 1501 3663 Prometheo
1562 3592 2080 3685 ignosceretur,
2146 3591 2616 3685 liberatusque
2671 3592 2973 3662 vinculis
3035 3594 3110 3662 in

704 3697 1000 3799 gratiam
1029 3717 1188 3766 cum
1218 3696 1371 3765 love
1404 3695 1684 3766 rediret.
1745 3696 1920 3765 Nam
1949 3695 2504 3766 conciliationem
2532 3696 2798 3788 gratiae
2828 3693 3108 3766 debere

585 3840 636 3892 p.
655 3811 777 3876 oet
814 3802 1086 3894 plenam
1129 3808 1199 3869 et
1235 3818 1474 3869 veram
1520 3816 1712 3883 esse,
1753 3797 1901 3868 hoc
1954 3806 2061 3869 est
2106 3800 2346 3882 talem,
2387 3820 2568 3891 quae
2606 3821 2699 3869 ex
2736 3799 3109 3891 agnitione

708 3904 1016 3974 veritatis
1070 3914 1139 3972 et
1190 3902 1490 3973 iustitiae
1544 3902 1869 3995 prodeat,
1926 3912 2413 4018 removeatque
2467 3903 2687 4023 ipsam
2743 3922 3107 3987 caussam,

706 4027 799 4075 ex
835 4029 972 4098 qua
1009 4006 1359 4076 inimicitia
1388 4005 1594 4077 fuerit
1620 4016 1887 4076 exorta.
1945 4005 2221 4074 Etenim
2250 4005 2308 4075 si
2335 4006 2683 4099 Iuppiter
2667 4026 2839 4075 iram
2879 4018 3111 4101 ponat

710 4119 782 4179 ut
817 4111 1071 4180 malum
1109 4109 1299 4201 quod
1338 4109 1402 4179 ei
1439 4110 1580 4179 fata
1621 4109 1969 4180 minentur
2014 4108 2326 4201 effugiat,
2368 4102 2577 4178 finem
2613 4108 2903 4201 quidem
2944 4109 3110 4181 fieri

705 4212 934 4296 rixae,
987 4234 1126 4282 non
1179 4211 1365 4282 effici
1414 4222 1646 4283 autem
1695 4211 2223 4304 integrationem
2254 4210 2639 4297 amicitiae,
2663 4226 2994 4306 esseque
3034 4216 3108 4284 in

706 4315 825 4385 tali
854 4315 1046 4385 exitu
1069 4312 1428 4407 indignam
1455 4332 1726 4386 summo
1757 4314 2046 4387 d'eorum
2077 4314 2415 4409 ignaviam
2454 4318 2525 4385 et
2552 4338 2640 4386 ne
2667 4314 3111 4388 Prometheo

703 4416 987 4513 quidem
1026 4416 1355 4488 decoram
1395 4434 1716 4489 caussam
1751 4418 2202 4489 liberationis.
2257 4418 2481 4490 Acute
2518 4440 2688 4489 sane
2726 4419 2911 4490 haec
2951 4420 3113 4492 dis-

701 4532 941 4617 putata
979 4531 1174 4591 sunt:
1217 4533 1288 4590 at
1323 4522 1507 4591 enim
1545 4524 1758 4613 qu‘um
1795 4542 2132 4616 suspensa
2159 4521 2298 4592 sint
2326 4544 2419 4593 ex
2447 4523 2942 4595 commenticia
2982 4525 3111 4596 illa

702 4623 1207 4719 perfectissima
1262 4625 1627 4695 sanctitate
1679 4626 1899 4712 Iovis,
1958 4625 2354 4696 temeritate
2400 4638 2631 4697 autem
2683 4637 2754 4696 et
2807 4649 3114 4719 perver-
