3328 5326
734 384 763 443 ⁴
780 384 859 444 92
1684 381 2155 447 SOPHOCLES.

737 577 813 645 ln
864 575 1114 667 quibus
1164 576 1370 661 haec,
1410 573 1569 648 τόδε
1609 577 1827 666 θαῦμ’
1869 577 2001 665 ἔχει
2037 604 2153 666 με,
2207 572 2467 669 aliquid
2522 575 2665 646 vitii
2715 594 2836 665 per
2887 574 3076 642 inter-

740 690 972 773 pretes
1009 678 1333 751 videntur
1367 680 1821 751 contraxisse.
1881 681 2051 756 Πῶς
2087 679 2226 773 ἄρα
2270 687 2498 748 autem
2526 677 2682 768 quis
2723 697 2861 746 non
2901 695 3080 767 prae-

732 803 984 876 gresso
1010 779 1269 876 duplici
1305 784 1452 861 πῶς
1478 781 1647 853 ποτὲ
1684 781 2007 874 languide
2037 782 2383 853 adiectum
2412 782 2746 850 censeat?
2798 779 2947 849 Vitii
2980 798 3080 847 su-

736 887 1123 978 spicionem
1170 888 1338 957 facit
1380 885 1611 957 codex
1661 883 2194 969 RiccardianuS,
2258 887 2324 955 in
2376 904 2515 977 quo
2565 892 2673 953 est
2717 884 2864 959 πῶς
2909 885 3081 951 ἐστιν

732 989 904 1080 ἄρα.
962 986 1187 1061 Credo
1225 1011 1356 1083 ego
1383 989 1667 1081 quidem
1706 986 1915 1058 finem
1951 988 2280 1081 strophae
2309 987 2437 1058 hos
2466 1006 2711 1058 versus
2740 984 3078 1055 habuisse:
3112 1001 3115 1004 ·

1049 1095 1184 1163 ἀλλ’
1228 1096 1377 1170 ἴσος
1411 1092 1485 1163 ἕν
1519 1094 1573 1181 γ’
1616 1095 1796 1169 ἴσοις
1831 1091 2008 1186 ἀνὴρ

1052 1196 1297 1267 ὤλλυθ’
1340 1193 1455 1265 ὧδ’
1497 1192 1819 1275 ἀναξίως·
1877 1195 2134 1284 θαῦμα
2168 1195 2235 1264 δ’
2275 1193 2436 1282 ἔχει,

1049 1301 1197 1376 πῶς
1232 1300 1429 1386 ποτέ,
1472 1300 1617 1374 πῶς
1652 1293 1800 1367 πότ’
1843 1294 2202 1393 ἀμφιπλή-

1051 1425 1246 1472 πτων
1282 1399 1555 1496 ῥοθίων
1588 1397 1811 1489 μόνος
1845 1397 2094 1488 κλύων,

576 1526 722 1586 μω
1049 1500 1165 1575 εἶτ’
1207 1503 1344 1596 ἄρα
1381 1499 1868 1596 πανδάκρυτον
1905 1502 2026 1573 οὕ-

1048 1634 1146 1676 τω
1182 1606 1432 1697 βιοτὰν
1467 1605 1818 1693 κατέσχεν.

743 1711 841 1781 lta
878 1710 947 1780 in
983 1708 1157 1779 Oed.
1191 1708 1329 1780 Col.
1370 1705 1587 1779 4744.
1619 1705 1841 1797 μόγος
1876 1708 2036 1795 ἔχει.

950 1812 1395 1883 Gravioribus
1433 1810 1613 1880 vitiis
1651 1811 1855 1903 plena
1890 1820 1998 1881 est
2034 1808 2481 1903 antistropha.
2541 1811 2616 1880 ln
2651 1831 2785 1903 qua
2814 1811 3089 1903 primum

748 1917 881 1999 illa,
920 1917 1087 1987 οὐδέ
1115 1915 1239 1985 τιν’
1281 1911 1627 2007 ἐγχώρων,
1658 1912 2107 2002 κακογείτονα
2142 1915 2298 2007 παρ’
2339 1909 2395 2004 ᾦ
2435 1911 2688 1984 στόνον
2726 1912 3090 1983 ἀντίτυπον

739 2020 1131 2113 βαρυβρῶτ’
1187 2015 1679 2088 ἀποκλαύσειεν
1728 2013 2161 2111 αἱματηρόν,
2205 2037 2343 2087 non
2397 2015 2605 2087 modo
2655 2015 2857 2109 pedis
2906 2014 3091 2086 unius

745 2123 1081 2193 iacturam
1116 2121 1463 2204 fecerunt,
1502 2118 1629 2189 sed
1669 2118 1877 2188 etiam
1922 2139 2198 2188 omnem
2235 2118 2521 2189 modum
2559 2118 2951 2189 excedente
2987 2139 3094 2187 au-

748 2225 983 2308 dacia,
1037 2245 1174 2316 qua
1228 2220 1477 2300 στόνος
1528 2222 1757 2293 dictus
1809 2233 1917 2291 est
1969 2221 2336 2316 βαρυβρώς
2386 2232 2457 2291 et
2492 2220 2911 2316 αἱματηρός,
2954 2241 3092 2292 cor-

743 2328 1133 2422 ruptionem
1189 2324 1510 2420 produnt.
1594 2324 1882 2397 Restitui
1932 2323 2039 2394 his
2091 2335 2161 2394 et
2210 2334 2430 2396 metra
2466 2346 2588 2396 sua
2628 2334 2699 2394 et
2735 2326 2912 2395 iusta
2947 2345 3094 2395 sen·

738 2432 960 2500 tentia
996 2439 1224 2523 potest
1260 2429 1534 2498 invento
1571 2426 1761 2519 quod
1800 2426 2061 2496 excidit
2097 2439 2257 2521 apto
2294 2428 2674 2499 vocabulo:

1056 2534 1135 2601 ἵν’
1176 2530 1390 2606 αὐτὸς
1424 2525 1511 2624 ἦν
1546 2525 1965 2623 πρόςουρος,
2008 2532 2132 2600 οὐκ
2169 2531 2343 2620 ἔχων
2375 2528 2615 2621 βάσιν,

1055 2635 1220 2704 οὐδέ
1250 2634 1375 2703 τιν’
1415 2629 1759 2725 ἐγχώρων,
1802 2630 2249 2722 κακογείτονα

1051 2737 1206 2830 παρ’
1231 2731 1284 2827 ᾧ
1308 2734 1562 2808 στόνον
1589 2734 1974 2805 ἀντίτυπον
1996 2734 2334 2828 σφάκελον
2351 2737 2739 2829 βαρυβρῶτ’
2761 2732 3096 2808 ἀποκλαύ-

1056 2865 1232 2910 σειιν
1268 2836 1690 2934 αἱματηρόν.

745 2944 897 3015 Non
935 2941 1195 3035 indiget
1231 2941 1568 3033 exemplis
1619 2942 2136 3014 usitatissimum
2180 2942 2457 3035 tragicis
2493 2964 2714 3034 genus
2753 2943 3092 3035 loquendi,

739 3069 882 3140 quo
918 3048 1208 3118 verbum
1245 3044 1642 3115 accusativo
1697 3045 2005 3116 iunctum
2041 3045 2245 3117 alium
2283 3045 2458 3136 regit
2494 3046 2986 3129 accusativum,
3030 3053 3096 3115 ut

743 3152 891 3235 hic,
947 3149 1135 3243 quod
1185 3148 1323 3219 dici
1373 3131 1646 3240 poterat
1691 3150 1847 3243 παρ’
1899 3143 1953 3238 ᾧ
2005 3145 2433 3236 κακογείτονι
2488 3146 2712 3239 στόνῳ
2750 3145 3094 3238 ἀντιτύπῳ

748 3251 1087 3344 σφάκελον
1104 3252 1525 3345 βαρυβρῶτα
1553 3250 1952 3346 αἱματηρόν
1981 3247 2499 3321 ἀποκλαύσειεν.
2542 3250 2615 3319 In
2645 3251 2867 3343 primo
2895 3273 3091 3321 versu

744 3355 1030 3425 Bothius
1082 3355 1434 3424 inventum
1489 3374 1719 3436 suum,
1774 3349 2171 3445 πρόςουρον
2222 3354 2345 3423 οὐκ
2397 3353 2569 3441 ἔχων
2603 3352 2855 3444 βάσιν,
2912 3352 3089 3445 quod

744 3478 957 3527 sensu
993 3477 1269 3526 cassum
1306 3465 1434 3537 est,
1474 3456 1622 3547 ipse
1659 3466 1903 3547 postea
1941 3454 2267 3525 reiecisse
2303 3455 2599 3527 videtur.
2660 3457 2831 3526 Sunt
2869 3457 2977 3526 illa
3012 3458 3084 3525 ἵν’

739 3559 960 3636 αὐτὸς
1003 3553 1092 3653 ἦν
1133 3554 1523 3650 πρόςουρος
1566 3555 1657 3627 ad
1705 3556 1926 3653 ῥόθια
1960 3557 2360 3643 referenda,
2416 3559 2667 3651 quibus
2719 3558 2868 3652 ipse
2915 3559 3086 3631 solus

683 3683 688 3688 ·
745 3662 1010 3733 vicinus
1064 3669 1214 3731 erat
1263 3657 1699 3730 Philoctetes.
1783 3659 2022 3751 Neque
2075 3662 2199 3731 οὐκ
2241 3661 2412 3750 ἔχων
2455 3660 2666 3752 βάσιν
2702 3673 3084 3756 corruptum

742 3774 1053 3859 putasset
1091 3762 1518 3845 WunderuS‚
1574 3762 1631 3832 si
1686 3762 2091 3854 cogitasset,
2132 3763 2315 3833 aliud
2368 3784 2525 3835 esse
2562 3765 2773 3835 rectis
2809 3766 3085 3859 pedibus

743 3878 1049 3940 utentem
1100 3867 1369 3959 longius
1439 3863 1760 3957 progredi
1824 3886 2043 3957 usque
2110 3866 2275 3938 dum
2339 3865 2647 3938 habitata
2710 3869 3084 3939 hominihus

741 3972 895 4042 loca
947 3970 1288 4054 inveniat,
1329 3968 1512 4038 aliud
1564 3988 1770 4059 aegre
1809 3977 1879 4037 et
1912 3968 2217 4039 maximo
2252 3990 2408 4039 cum
2448 3970 2867 4095 tabescentis
2901 3970 3081 4065 pedis

744 4075 1051 4145 cruciatu
1089 4071 1421 4166 provolvi.

949 4176 1159 4246 Multo
1210 4173 1431 4267 magis
1480 4173 1860 4267 depravata
1909 4185 2069 4246 sunt
2115 4195 2294 4267 quae
2341 4167 2759 4267 sequuntur:
2820 4178 2971 4247 οὐδ
3016 4176 3082 4251 ὃς

745 4277 874 4347 τάν
923 4274 1384 4371 θερμοτάταν
1434 4274 1703 4368 αἱμάὃα
1766 4280 2183 4372 κηκιομέναν
2237 4278 2477 4348 ἑλκέων
2528 4277 2841 4376 ἐνθήρου
2889 4277 3084 4353 ποδὸς

743 4378 1012 4475 ῆπίοισι
1050 4377 1331 4470 φύλλοις
1364 4377 1873 4465 κατευνάσειεν,
1921 4382 1991 4450 εἴ
2029 4404 2138 4457 τις
2170 4379 2487 4470 ἐμπέσοι,
2531 4381 2888 4476 φορβάδος
2921 4382 2988 4453 ἕκ
3019 4405 3083 4450 τε

743 4484 870 4571 γᾶς
916 4485 1115 4552 ἑλεῖν.
1204 4485 1391 4573 ἕρπει
1437 4480 1568 4574 γὰρ
1622 4481 1842 4552 ἄλλοτ’
1893 4482 2060 4574 ἄλλᾳ
2110 4477 2250 4552 τότ’
2299 4483 2388 4551 ἀν
2444 4482 2877 4575 εἰλυόμενος,
2931 4487 3081 4557 παῖς

731 4585 909 4680 ἄτερ
949 4584 1042 4661 ὥς
1079 4580 1284 4674 φίλας
1328 4580 1669 4679 τιθήνας,
1725 4583 1895 4656 ὅθεν
1946 4580 2246 4678 εὐμαρεῖ
2286 4582 2589 4680 ὑπάρχοι
2628 4583 2882 4682 πόρον,
2922 4584 3077 4657 ἁνίκ’
