3328 5326
1225 395 1708 458 AESCHYLUS.
2544 399 2665 460 ⁴55

289 584 474 677 quod
511 583 571 678 ξ.
610 586 725 657 12.
761 586 1095 657 Hercules
1143 598 1436 656 mortem
1477 587 1790 660 Chironis
1827 589 2161 661 obtulisse
2197 590 2340 660 lovi
2389 590 2663 677 dicitur,

288 688 629 780 siquidem
681 688 750 759 id
807 689 1139 764 mandatu
1189 690 1584 762 Promethei
1646 693 1844 763 fecit:
1911 691 2028 763 καὶ
2082 691 2210 763 τὸν
2262 696 2666 789 Προμηθέα

286 793 577 881 διέλυσε,
616 792 878 883 δεσμὸν
915 790 1248 883 ἑλόμενον
1284 792 1412 863 τὸν
1454 796 1583 891 τῆς
1621 796 1882 885 ἐλαίας,
1923 796 2039 866 καὶ
2075 796 2374 889 παρέσχε
2408 798 2506 888 τῷ
2536 798 2676 868 Διῒ

286 893 623 990 Χείρωνα
656 893 992 991 θνήσκειν
1028 893 1402 967 ἀθάνατον
1437 898 1582 967 ἀντ’
1625 900 1847 969 αὑτοῦ
1882 900 2215 970 asmona.
2288 895 2433 969 Nec
2470 910 2661 993 pute,

291 1008 359 1069 ut
421 997 949 1070 Schoemannus
1012 1021 1078 1091 p.
1141 998 1308 1070 448.
1367 1001 1542 1070 mori
1613 1000 1947 1073 debuisse
2011 1000 2496 1074 Prometheum
2559 1003 2666 1074 his

287 1102 513 1173 verbis
550 1101 945 1195 significari,
985 1102 1114 1173 sed
1140 1115 1434 1175 mortem
1467 1103 1778 1176 Chironis
1809 1106 2207 1177 mercedem
2238 1107 2449 1178 fuisse
2478 1108 2668 1179 solu-

289 1204 497 1277 tionis
530 1227 573 1277 e
607 1206 921 1277 vinculis.
982 1207 1053 1276 Si
1089 1206 1423 1278 tentanda
1451 1207 1853 1280 coniectura
1880 1221 2010 1296 est,
2040 1231 2179 1302 quo
2217 1208 2430 1282 modo
2455 1210 2668 1281 rebus

288 1308 414 1379 illis
471 1330 637 1382 usus
686 1309 1009 1381 videatur
1044 1309 1467 1403 AeschyluS,
1524 1311 1865 1383 habemus
1917 1313 2238 1406 quidem,
2285 1313 2538 1407 quibus
2571 1334 2669 1384 ex

289 1414 442 1505 lege
497 1413 589 1483 ab
634 1413 977 1485 Heerenio
1042 1416 1390 1507 patefacta
1449 1426 1731 1508 praeter
1782 1417 2269 1488 Prometheum
2325 1437 2502 1511 opus
2561 1427 2739 1499 estp.
2757 1436 2819 1482 η

289 1517 504 1588 tribus
560 1518 911 1610 personiS,
967 1518 1368 1603 Herculem,
1419 1520 1592 1589 Iovis
1629 1520 1967 1592 vicarium
2002 1521 2455 1605 Mercurium
2510 1520 2669 1590 Chi-

291 1641 562 1705 ronem,
618 1619 746 1691 sed
810 1620 993 1692 hunc
1061 1622 1303 1714 procul
1360 1643 1402 1693 a
1454 1621 1765 1696 Caucaso
1816 1625 1885 1695 in
1939 1634 2140 1696 antro
2193 1625 2449 1695 montis
2500 1623 2670 1695 Pelii

289 1724 654 1809 iacentem,
695 1735 770 1796 ut
806 1737 924 1796 aut
959 1724 1484 1797 transferendus
1520 1726 1591 1796 in
1629 1727 2016 1800 Caucasum
2067 1725 2314 1814 fuisse,
2354 1738 2473 1799 aut
2506 1748 2669 1821 pars

290 1828 693 1920 tragoediae
742 1827 813 1896 in
867 1827 1222 1899 Thessalia
1272 1830 1382 1922 agi
1431 1830 1697 1902 debere
1743 1831 2084 1904 videatur.
2175 1831 2524 1903 Utrumvis
2575 1831 2670 1903 ita

290 1931 534 2003 debuit
583 1942 1060 2025 comparatum
1115 1952 1305 2016 esse,
1364 1944 1437 2005 ut
1487 1955 1867 2027 numquam
1919 1935 2124 2007 tertio
2175 1934 2669 2006 interlocutore

289 2057 465 2129 opus
523 2045 742 2120 esset,
799 2035 1128 2128 quoniam
1193 2035 1391 2106 haec.
1425 2037 1698 2130 trilogia
1762 2038 1904 2111 duo
1969 2045 2232 2109 tantum
2298 2038 2669 2109 histriones

288 2138 613 2209 habebat.
716 2138 916 2211 Haud
979 2139 1182 2209 facile
1243 2149 1478 2210 tamen
1538 2141 1820 2212 credam
1880 2152 2001 2213 aut
2048 2163 2263 2213 unum
2316 2141 2389 2211 in
2438 2141 2672 2213 media

292 2241 650 2334 tragoedia
714 2254 944 2314 actum
1000 2253 1118 2313 aut
1178 2253 1391 2313 totam
1456 2245 1747 2316 alteram
1808 2255 2078 2339 partem
2142 2244 2547 2338 tragoediae
2597 2245 2669 2315 in

294 2345 476 2418 Pelio
511 2354 749 2417 monte
778 2346 912 2439 agi,
942 2346 1127 2438 quia,
1170 2356 1244 2417 ut
1277 2347 1412 2417 alia
1447 2348 1890 2420 incommoda
1917 2359 2380 2442 praeteream,
2411 2349 2670 2420 chorus

292 2450 603 2521 Titanum
634 2469 768 2519 nec
797 2449 1152 2520 transferri
1189 2450 1349 2521 illuc
1377 2472 1609 2545 neque
1638 2453 2047 2523 commutari
2085 2473 2241 2524 cum
2281 2452 2414 2522 alio
2452 2452 2670 2523 choro

292 2554 541 2646 potuit:
594 2553 712 2645 qui
761 2553 948 2624 enim
1000 2554 1231 2647 potius
1278 2574 1489 2646 quam
1543 2556 1819 2627 Titanes
1871 2556 2354 2626 liberationem
2393 2556 2669 2650 cognati

295 2658 389 2729 sui
428 2658 836 2729 celebrent?
906 2658 1140 2743 Quare
1175 2658 1317 2728 veri
1354 2658 1642 2731 similius
1679 2672 1811 2745 est,
1850 2671 1926 2731 ut
1961 2660 2264 2754 Iuppiter
2302 2659 2671 2732 Chironem

294 2761 818 2832 immortalitatis
867 2772 1295 2856 pertaesum,
1350 2785 1565 2855 quum
1603 2763 1694 2834 de
1731 2786 1819 2836 eo
1858 2765 2040 2835 inter
2074 2764 2562 2836 Prometheum
2602 2776 2673 2835 et

294 2866 656 2937 Herculem
694 2885 926 2936 sermo
963 2866 1240 2950 suisset,
1281 2865 1514 2959 aliquo
1554 2868 1849 2937 mirabili
1888 2868 2100 2939 modo
2137 2868 2226 2939 ad
2265 2868 2669 2940 Caucasiam

296 2991 532 3063 rupem
570 2968 1183 3062 transportandum
1221 2970 1581 3042 curaverit.
1641 2972 1741 3041 Ita
1777 2992 1910 3042 nec
1948 2972 2083 3044 loci
2121 2972 2503 3043 mutatione
2539 2990 2672 3042 nec

298 3073 622 3167 temporis
651 3072 1170 3166 intercapedine
1197 3090 1373 3166 opus
1401 3084 1553 3144 erat
1578 3074 1671 3145 ad
1706 3074 2180 3168 peragendam
2217 3074 2667 3167 tragoediam.

494 3177 605 3247 Ex
655 3176 763 3246 his
812 3177 871 3247 si
918 3196 1260 3248 summam
1297 3176 1709 3269 colligimuS,
1749 3177 1850 3248 sic
1886 3176 2331 3251 statuendum
2372 3177 2671 3263 videtur,

299 3281 591 3351 voluisse
661 3280 1084 3373 Aeschylum
1160 3280 1230 3350 in
1308 3276 1721 3352 Prometheo
1799 3283 2197 3375 exemplum
2282 3302 2674 3375 proponere

298 3384 527 3477 magni
592 3384 840 3467 animi,
896 3383 1016 3475 qui
1078 3395 1267 3455 recte
1320 3384 1484 3454 facti
1530 3384 1663 3456 sibi
1715 3385 2040 3456 conscius
2091 3405 2183 3456 ne
2235 3385 2673 3457 atrocissimo

296 3488 573 3578 quidem
625 3488 964 3582 supplicio
1014 3509 1092 3558 se
1144 3488 1322 3559 vinci
1378 3498 1766 3581 pateretur,
1823 3488 1954 3560 sed
2003 3490 2273 3561 fortiter
2323 3489 2672 3562 cruciatus

298 3591 447 3662 illos
493 3593 867 3685 perferret,
907 3591 1136 3662 donec
1173 3591 1592 3662 necessitate
1630 3603 1918 3665 coactus
1955 3592 2021 3665 ei
2056 3593 2360 3687 Iuppiter
2410 3612 2672 3685 poenas

296 3695 703 3779 remisisset,
758 3696 874 3787 qui
925 3716 1017 3766 ne
1065 3717 1351 3789 prorsus
1395 3695 1808 3789 impunitam
1859 3717 2018 3768 esse
2067 3697 2328 3768 Sineret
2363 3697 2672 3766 ferocem

295 3797 447 3868 eius
490 3811 560 3869 et
608 3798 980 3892 superbiae
1038 3799 1315 3892 plenam
1377 3799 1862 3892 pertinaciam,
1915 3820 2124 3893 quam
2175 3809 2244 3869 et
2293 3799 2549 3871 chorus
2603 3809 2675 3870 et

294 3900 613 3973 Oceanus
668 3912 738 3972 et
787 3903 893 3987 Io,
956 3902 1261 3973 maxime
1321 3913 1554 3974 autem
1607 3903 1992 3975 Mercurius
2047 3901 2670 3997 reprehenderant,

294 4003 430 4075 hoc
469 4005 528 4076 ei
565 4007 1000 4098 imposuerit,
1043 4015 1115 4076 ut
1149 4004 1444 4100 posthac
1481 4007 2006 4100 conspiceretur

602 4116 953 4180 extenuata
987 4130 1219 4203 yerens
1251 4108 1488 4180 veteris
1521 4109 1799 4204 vestiyia
1827 4132 2108 4204 poenae,

602 4232 800 4307 quam
837 4211 1169 4307 quemdam
1203 4211 1379 4284 silici
1417 4213 1755 4285 restrictus
1792 4212 2088 4283 membra
2124 4221 2359 4284 catena

594 4315 914 4410 persolvit
939 4314 1238 4410 pendens
1273 4339 1311 4387 e
1344 4315 1696 4387 verticibus
1726 4316 2130 4413 praerupti-s.

300 4415 452 4489 Fuit
501 4418 579 4495 id.
614 4420 883 4511 signum
935 4420 1233 4491 annulus
1284 4418 1513 4512 lapide
1565 4420 1864 4504 incluso,
1919 4432 1992 4492 ut
2027 4441 2237 4517 supra
2272 4438 2367 4490 ex
2404 4420 2675 4513 Hygino

300 4522 586 4591 relatum
635 4533 778 4609 est,
832 4522 1087 4616 aliique
1139 4524 1514 4617 scriptores
1552 4523 1935 4594 Munckero
1986 4525 2077 4595 ad
2131 4525 2267 4595 fab.
2307 4521 2475 4592 lu.
2524 4542 2675 4591 me-

297 4624 543 4694 morati
579 4635 937 4698 testantur.
1004 4627 1180 4697 Esse
1217 4625 1288 4698 id
1325 4637 1558 4698 autem
1594 4629 1805 4698 etiam
1844 4628 1914 4697 in
1951 4627 2278 4721 Aeschyli
2315 4625 2675 4716 tragoedia
