<?xml version="1.0" encoding="UTF-8"?>
<!DOCTYPE html PUBLIC "-//W3C//DTD XHTML 1.0 Transitional//EN"
    "http://www.w3.org/TR/xhtml1/DTD/xhtml1-transitional.dtd">
<html xmlns="http://www.w3.org/1999/xhtml" xml:lang="en" lang="en">
 <head>
  <title>
</title>
<meta http-equiv="Content-Type" content="text/html;charset=utf-8" />
  <meta name='ocr-system' content='tesseract 3.04.00' />
  <meta name='ocr-capabilities' content='ocr_page ocr_carea ocr_par ocr_line ocrx_word'/>
</head>
<body>
  <div class='ocr_page' id='page_1' title='image "./godofrediherman02hermgoog/godofrediherman02hermgoog_0094.png"; bbox 0 0 3328 5326; ppageno 0'>
   <div class='ocr_carea' id='block_1_1' title="bbox 661 354 2061 421">
    <p class='ocr_par' dir='ltr' id='par_1_1' title="bbox 661 354 2061 421">
     <span class='ocr_line' id='line_1_1' title="bbox 661 354 2061 421; baseline -0.001 -5"><span class='ocrx_word' id='word_1_1' title='bbox 661 354 740 416; x_wconf 90' lang='lat'>76</span> <span class='ocrx_word' id='word_1_2' title='bbox 997 396 1005 404; x_wconf 86' lang='lat'><strong>·</strong></span> <span class='ocrx_word' id='word_1_3' title='bbox 1655 356 2061 421; x_wconf 82' lang='lat' dir='ltr'>PINDARUS.</span> 
     </span>
    </p>
   </div>
   <div class='ocr_carea' id='block_1_2' title="bbox 508 543 3028 4674">
    <p class='ocr_par' dir='ltr' id='par_1_2' title="bbox 612 543 3028 2706">
     <span class='ocr_line' id='line_1_2' title="bbox 612 543 3028 639; baseline -0.002 -22"><span class='ocrx_word' id='word_1_4' title='bbox 612 580 617 587; x_wconf 93' lang='lat'><strong>·</strong></span> <span class='ocrx_word' id='word_1_5' title='bbox 656 556 957 617; x_wconf 79' lang='lat' dir='ltr'><strong>mentem</strong></span> <span class='ocrx_word' id='word_1_6' title='bbox 1024 548 1419 631; x_wconf 87' lang='lat' dir='ltr'>revocavit,</span> <span class='ocrx_word' id='word_1_7' title='bbox 1473 547 1666 639; x_wconf 89' lang='lat' dir='ltr'>quod</span> <span class='ocrx_word' id='word_1_8' title='bbox 1727 548 1798 617; x_wconf 90' lang='lat' dir='ltr'>in</span> <span class='ocrx_word' id='word_1_9' title='bbox 1860 547 2024 618; x_wconf 87' lang='lat' dir='ltr'>solis</span> <span class='ocrx_word' id='word_1_10' title='bbox 2081 545 2551 619; x_wconf 84' lang='lat' dir='ltr'>defectionem</span> <span class='ocrx_word' id='word_1_11' title='bbox 2614 543 3028 616; x_wconf 80' lang='lat' dir='ltr'>condiderat</span> 
     </span>
     <span class='ocr_line' id='line_1_3' title="bbox 655 648 3026 723; baseline -0.001 -4"><span class='ocrx_word' id='word_1_12' title='bbox 655 651 1009 722; x_wconf 82' lang='lat' dir='ltr'><strong>Pindarus.</strong></span> <span class='ocrx_word' id='word_1_13' title='bbox 1090 651 1294 722; x_wconf 91' lang='lat' dir='ltr'>Cuius</span> <span class='ocrx_word' id='word_1_14' title='bbox 1344 651 1667 720; x_wconf 79' lang='lat' dir='ltr'>carminis</span> <span class='ocrx_word' id='word_1_15' title='bbox 1717 651 1847 721; x_wconf 92' lang='lat' dir='ltr'>etsi</span> <span class='ocrx_word' id='word_1_16' title='bbox 1899 651 2065 721; x_wconf 87' lang='lat' dir='ltr'>nihil</span> <span class='ocrx_word' id='word_1_17' title='bbox 2100 650 2232 721; x_wconf 90' lang='lat' dir='ltr'>nisi</span> <span class='ocrx_word' id='word_1_18' title='bbox 2271 648 2633 723; x_wconf 80' lang='lat' dir='ltr'>exordium</span> <span class='ocrx_word' id='word_1_19' title='bbox 2671 648 2873 718; x_wconf 92' lang='lat' dir='ltr'>nobis</span> <span class='ocrx_word' id='word_1_20' title='bbox 2912 668 3026 716; x_wconf 91' lang='lat' dir='ltr'>re—</span> 
     </span>
     <span class='ocr_line' id='line_1_4' title="bbox 653 751 3028 847; baseline -0.001 -25"><span class='ocrx_word' id='word_1_21' title='bbox 653 754 888 824; x_wconf 88' lang='lat' dir='ltr'>lictum</span> <span class='ocrx_word' id='word_1_22' title='bbox 940 764 1068 838; x_wconf 89' lang='lat' dir='ltr'>est,</span> <span class='ocrx_word' id='word_1_23' title='bbox 1106 764 1338 824; x_wconf 89' lang='lat' dir='ltr'>tamen</span> <span class='ocrx_word' id='word_1_24' title='bbox 1375 755 1600 847; x_wconf 92' lang='lat' dir='ltr'>ipsum</span> <span class='ocrx_word' id='word_1_25' title='bbox 1639 754 1812 825; x_wconf 92' lang='lat' dir='ltr'>illud</span> <span class='ocrx_word' id='word_1_26' title='bbox 1862 754 2220 825; x_wconf 75' lang='lat' dir='ltr'>exordium</span> <span class='ocrx_word' id='word_1_27' title='bbox 2260 753 2354 822; x_wconf 88' lang='lat' dir='ltr'>ita</span> <span class='ocrx_word' id='word_1_28' title='bbox 2391 753 2460 822; x_wconf 89' lang='lat' dir='ltr'>in</span> <span class='ocrx_word' id='word_1_29' title='bbox 2497 751 2673 823; x_wconf 88' lang='lat' dir='ltr'>haec</span> <span class='ocrx_word' id='word_1_30' title='bbox 2711 761 3028 844; x_wconf 88' lang='lat' dir='ltr'>tempora</span> 
     </span>
     <span class='ocr_line' id='line_1_5' title="bbox 654 855 3027 950; baseline -0.001 -24"><span class='ocrx_word' id='word_1_31' title='bbox 654 857 1012 941; x_wconf 85' lang='lat' dir='ltr'>convenit,</span> <span class='ocrx_word' id='word_1_32' title='bbox 1054 867 1130 927; x_wconf 90' lang='lat' dir='ltr'>ut</span> <span class='ocrx_word' id='word_1_33' title='bbox 1176 868 1443 950; x_wconf 90' lang='lat' dir='ltr'>partem</span> <span class='ocrx_word' id='word_1_34' title='bbox 1500 867 1691 928; x_wconf 90' lang='lat' dir='ltr'>certe</span> <span class='ocrx_word' id='word_1_35' title='bbox 1727 858 2101 940; x_wconf 84' lang='lat' dir='ltr'>malorum,</span> <span class='ocrx_word' id='word_1_36' title='bbox 2141 878 2321 948; x_wconf 93' lang='lat' dir='ltr'>quae</span> <span class='ocrx_word' id='word_1_37' title='bbox 2356 855 2678 949; x_wconf 91' lang='lat' dir='ltr'>portendi</span> <span class='ocrx_word' id='word_1_38' title='bbox 2714 875 3027 926; x_wconf 90' lang='lat' dir='ltr'>summus</span> 
     </span>
     <span class='ocr_line' id='line_1_6' title="bbox 650 959 3025 1054; baseline -0.002 -23"><span class='ocrx_word' id='word_1_39' title='bbox 650 970 860 1054; x_wconf 92' lang='lat' dir='ltr'>poeta</span> <span class='ocrx_word' id='word_1_40' title='bbox 922 961 1426 1052; x_wconf 80' lang='lat' dir='ltr'>augurabatur,</span> <span class='ocrx_word' id='word_1_41' title='bbox 1469 971 1627 1030; x_wconf 90' lang='lat' dir='ltr'>ante</span> <span class='ocrx_word' id='word_1_42' title='bbox 1678 962 1918 1032; x_wconf 90' lang='lat' dir='ltr'>oculos</span> <span class='ocrx_word' id='word_1_43' title='bbox 1966 961 2386 1048; x_wconf 78' lang='lat' dir='ltr'>viderimuS‚</span> <span class='ocrx_word' id='word_1_44' title='bbox 2427 959 2607 1030; x_wconf 87' lang='lat' dir='ltr'>nivis</span> <span class='ocrx_word' id='word_1_45' title='bbox 2669 960 3025 1051; x_wconf 90' lang='lat' dir='ltr'>ingentem</span> 
     </span>
     <span class='ocr_line' id='line_1_7' title="bbox 650 1062 3022 1157; baseline -0.001 -25"><span class='ocrx_word' id='word_1_46' title='bbox 650 1064 938 1148; x_wconf 89' lang='lat' dir='ltr'>molem,</span> <span class='ocrx_word' id='word_1_47' title='bbox 979 1085 1265 1157; x_wconf 88' lang='lat' dir='ltr'>campos</span> <span class='ocrx_word' id='word_1_48' title='bbox 1321 1064 1709 1135; x_wconf 84' lang='lat' dir='ltr'>incredibili</span> <span class='ocrx_word' id='word_1_49' title='bbox 1764 1064 2128 1136; x_wconf 89' lang='lat' dir='ltr'>fluviorum</span> <span class='ocrx_word' id='word_1_50' title='bbox 2179 1062 2650 1135; x_wconf 81' lang='lat' dir='ltr'>exundatione</span> <span class='ocrx_word' id='word_1_51' title='bbox 2686 1070 3022 1146; x_wconf 82' lang='lat' dir='ltr'>vastatOS,</span> 
     </span>
     <span class='ocr_line' id='line_1_8' title="bbox 647 1166 3021 1259; baseline -0.001 -23"><span class='ocrx_word' id='word_1_52' title='bbox 647 1167 830 1237; x_wconf 89' lang='lat' dir='ltr'>bella</span> <span class='ocrx_word' id='word_1_53' title='bbox 858 1167 1087 1238; x_wconf 89' lang='lat' dir='ltr'>furiali</span> <span class='ocrx_word' id='word_1_54' title='bbox 1114 1168 1503 1237; x_wconf 86' lang='lat' dir='ltr'>temeritate</span> <span class='ocrx_word' id='word_1_55' title='bbox 1532 1168 1878 1238; x_wconf 88' lang='lat' dir='ltr'>concitata</span> <span class='ocrx_word' id='word_1_56' title='bbox 1905 1168 2330 1259; x_wconf 90' lang='lat' dir='ltr'>immanique</span> <span class='ocrx_word' id='word_1_57' title='bbox 2359 1166 2770 1238; x_wconf 89' lang='lat' dir='ltr'>crudelitate</span> <span class='ocrx_word' id='word_1_58' title='bbox 2798 1174 3021 1257; x_wconf 90' lang='lat' dir='ltr'>gesta,</span> 
     </span>
     <span class='ocr_line' id='line_1_9' title="bbox 651 1269 3022 1364; baseline -0 -25"><span class='ocrx_word' id='word_1_59' title='bbox 651 1291 734 1339; x_wconf 88' lang='lat' dir='ltr'>ac</span> <span class='ocrx_word' id='word_1_60' title='bbox 772 1279 1034 1341; x_wconf 88' lang='lat' dir='ltr'>tantum</span> <span class='ocrx_word' id='word_1_61' title='bbox 1088 1292 1226 1340; x_wconf 93' lang='lat' dir='ltr'>non</span> <span class='ocrx_word' id='word_1_62' title='bbox 1267 1272 1484 1364; x_wconf 86' lang='lat' dir='ltr'>ipsam</span> <span class='ocrx_word' id='word_1_63' title='bbox 1523 1292 1753 1341; x_wconf 90' lang='lat' dir='ltr'>rerum</span> <span class='ocrx_word' id='word_1_64' title='bbox 1810 1281 2125 1342; x_wconf 89' lang='lat' dir='ltr'>naturam</span> <span class='ocrx_word' id='word_1_65' title='bbox 2162 1269 2634 1364; x_wconf 88' lang='lat' dir='ltr'>perversitatis</span> <span class='ocrx_word' id='word_1_66' title='bbox 2670 1269 3022 1339; x_wconf 84' lang='lat' dir='ltr'>vanitatis-</span> 
     </span>
     <span class='ocr_line' id='line_1_10' title="bbox 648 1371 3021 1467; baseline -0.001 -23"><span class='ocrx_word' id='word_1_67' title='bbox 648 1395 783 1465; x_wconf 92' lang='lat' dir='ltr'>que</span> <span class='ocrx_word' id='word_1_68' title='bbox 821 1373 1174 1444; x_wconf 90' lang='lat' dir='ltr'>hominum</span> <span class='ocrx_word' id='word_1_69' title='bbox 1224 1384 1616 1467; x_wconf 87' lang='lat' dir='ltr'>pertaesam</span> <span class='ocrx_word' id='word_1_70' title='bbox 1669 1374 1855 1445; x_wconf 92' lang='lat' dir='ltr'>aliud</span> <span class='ocrx_word' id='word_1_71' title='bbox 1900 1375 2144 1446; x_wconf 91' lang='lat' dir='ltr'>melius</span> <span class='ocrx_word' id='word_1_72' title='bbox 2191 1394 2431 1444; x_wconf 90' lang='lat' dir='ltr'>creare</span> <span class='ocrx_word' id='word_1_73' title='bbox 2467 1394 2688 1465; x_wconf 89' lang='lat' dir='ltr'>genus</span> <span class='ocrx_word' id='word_1_74' title='bbox 2724 1371 3021 1442; x_wconf 89' lang='lat' dir='ltr'>molien-</span> 
     </span>
     <span class='ocr_line' id='line_1_11' title="bbox 646 1476 3016 1568; baseline -0 -22"><span class='ocrx_word' id='word_1_75' title='bbox 646 1487 806 1546; x_wconf 90' lang='lat' dir='ltr'>tem.</span> <span class='ocrx_word' id='word_1_76' title='bbox 885 1476 1059 1546; x_wconf 91' lang='lat' dir='ltr'>Nam</span> <span class='ocrx_word' id='word_1_77' title='bbox 1098 1479 1227 1546; x_wconf 84' lang='lat' dir='ltr'>etsi</span> <span class='ocrx_word' id='word_1_78' title='bbox 1264 1478 1413 1549; x_wconf 90' lang='lat' dir='ltr'>eius</span> <span class='ocrx_word' id='word_1_79' title='bbox 1451 1479 1613 1549; x_wconf 92' lang='lat' dir='ltr'>solis</span> <span class='ocrx_word' id='word_1_80' title='bbox 1653 1478 2093 1565; x_wconf 77' lang='lat' dir='ltr'>defectioniS‚</span> <span class='ocrx_word' id='word_1_81' title='bbox 2137 1499 2345 1568; x_wconf 90' lang='lat' dir='ltr'>quem</span> <span class='ocrx_word' id='word_1_82' title='bbox 2382 1478 2601 1547; x_wconf 90' lang='lat' dir='ltr'>oculis</span> <span class='ocrx_word' id='word_1_83' title='bbox 2639 1477 3016 1560; x_wconf 83' lang='lat' dir='ltr'>cernimuS,</span> 
     </span>
     <span class='ocr_line' id='line_1_12' title="bbox 645 1580 3018 1672; baseline -0.001 -22"><span class='ocrx_word' id='word_1_84' title='bbox 645 1580 854 1650; x_wconf 92' lang='lat' dir='ltr'>hodie</span> <span class='ocrx_word' id='word_1_85' title='bbox 892 1581 1240 1650; x_wconf 89' lang='lat' dir='ltr'>neminem</span> <span class='ocrx_word' id='word_1_86' title='bbox 1270 1591 1552 1665; x_wconf 89' lang='lat' dir='ltr'>terrent,</span> <span class='ocrx_word' id='word_1_87' title='bbox 1594 1592 1825 1651; x_wconf 89' lang='lat' dir='ltr'>tamen</span> <span class='ocrx_word' id='word_1_88' title='bbox 1870 1582 2045 1650; x_wconf 89' lang='lat' dir='ltr'>aliae</span> <span class='ocrx_word' id='word_1_89' title='bbox 2084 1601 2348 1672; x_wconf 88' lang='lat' dir='ltr'>eaeque</span> <span class='ocrx_word' id='word_1_90' title='bbox 2390 1580 3018 1672; x_wconf 86' lang='lat' dir='ltr'>perniciosissimae</span> 
     </span>
     <span class='ocr_line' id='line_1_13' title="bbox 646 1682 3010 1778; baseline 0 -26"><span class='ocrx_word' id='word_1_91' title='bbox 646 1682 1193 1777; x_wconf 77' lang='lat' dir='ltr'>conduplicantar</span> <span class='ocrx_word' id='word_1_92' title='bbox 1243 1683 1574 1770; x_wconf 76' lang='lat' dir='ltr'>tenebrae,</span> <span class='ocrx_word' id='word_1_93' title='bbox 1614 1684 1945 1778; x_wconf 75' lang='lat' dir='ltr'>noctisque</span> <span class='ocrx_word' id='word_1_94' title='bbox 1983 1691 2044 1753; x_wconf 80' lang='lat' dir='ltr'>et</span> <span class='ocrx_word' id='word_1_95' title='bbox 2091 1683 2386 1753; x_wconf 79' lang='lat' dir='ltr'>nimbum</span> <span class='ocrx_word' id='word_1_96' title='bbox 2422 1692 2722 1753; x_wconf 78' lang='lat' dir='ltr'>occaecat</span> <span class='ocrx_word' id='word_1_97' title='bbox 2756 1682 3010 1778; x_wconf 73' lang='lat' dir='ltr'>niqror,</span> 
     </span>
     <span class='ocr_line' id='line_1_14' title="bbox 644 1786 3016 1878; baseline -0.001 -20"><span class='ocrx_word' id='word_1_98' title='bbox 644 1788 761 1878; x_wconf 91' lang='lat' dir='ltr'>qui</span> <span class='ocrx_word' id='word_1_99' title='bbox 819 1808 904 1857; x_wconf 92' lang='lat' dir='ltr'>eo</span> <span class='ocrx_word' id='word_1_100' title='bbox 952 1796 1218 1858; x_wconf 88' lang='lat' dir='ltr'>tantum</span> <span class='ocrx_word' id='word_1_101' title='bbox 1270 1809 1310 1857; x_wconf 91' lang='lat' dir='ltr'>a</span> <span class='ocrx_word' id='word_1_102' title='bbox 1372 1787 1746 1867; x_wconf 85' lang='lat' dir='ltr'>deficiente</span> <span class='ocrx_word' id='word_1_103' title='bbox 1805 1789 1956 1857; x_wconf 92' lang='lat' dir='ltr'>sole</span> <span class='ocrx_word' id='word_1_104' title='bbox 2009 1786 2268 1872; x_wconf 87' lang='lat' dir='ltr'>differt,</span> <span class='ocrx_word' id='word_1_105' title='bbox 2310 1786 2495 1878; x_wconf 92' lang='lat' dir='ltr'>quod</span> <span class='ocrx_word' id='word_1_106' title='bbox 2551 1787 2715 1856; x_wconf 91' lang='lat' dir='ltr'>solis</span> <span class='ocrx_word' id='word_1_107' title='bbox 2769 1788 3016 1856; x_wconf 92' lang='lat' dir='ltr'>orbem</span> 
     </span>
     <span class='ocr_line' id='line_1_15' title="bbox 643 1890 3018 1981; baseline -0.001 -20"><span class='ocrx_word' id='word_1_108' title='bbox 643 1891 923 1981; x_wconf 91' lang='lat' dir='ltr'>quando</span> <span class='ocrx_word' id='word_1_109' title='bbox 976 1890 1301 1962; x_wconf 88' lang='lat' dir='ltr'>relictura</span> <span class='ocrx_word' id='word_1_110' title='bbox 1346 1892 1433 1961; x_wconf 89' lang='lat' dir='ltr'>sit</span> <span class='ocrx_word' id='word_1_111' title='bbox 1490 1892 1728 1963; x_wconf 91' lang='lat' dir='ltr'>umbra</span> <span class='ocrx_word' id='word_1_112' title='bbox 1778 1890 2071 1975; x_wconf 83' lang='lat' dir='ltr'>scimuS,</span> <span class='ocrx_word' id='word_1_113' title='bbox 2112 1911 2204 1960; x_wconf 83' lang='lat' dir='ltr'>ex</span> <span class='ocrx_word' id='word_1_114' title='bbox 2241 1891 2386 1960; x_wconf 88' lang='lat' dir='ltr'>istis</span> <span class='ocrx_word' id='word_1_115' title='bbox 2438 1899 2668 1961; x_wconf 90' lang='lat' dir='ltr'>autem</span> <span class='ocrx_word' id='word_1_116' title='bbox 2706 1891 3018 1962; x_wconf 87' lang='lat' dir='ltr'>tenebris</span> 
     </span>
     <span class='ocr_line' id='line_1_16' title="bbox 642 1994 3021 2087; baseline 0 -25"><span class='ocrx_word' id='word_1_117' title='bbox 642 2016 772 2064; x_wconf 90' lang='lat' dir='ltr'>nec</span> <span class='ocrx_word' id='word_1_118' title='bbox 823 1994 1127 2085; x_wconf 79' lang='lat' dir='ltr'>quandO,</span> <span class='ocrx_word' id='word_1_119' title='bbox 1167 2016 1395 2086; x_wconf 91' lang='lat' dir='ltr'>neque</span> <span class='ocrx_word' id='word_1_120' title='bbox 1444 2014 1530 2064; x_wconf 92' lang='lat' dir='ltr'>an</span> <span class='ocrx_word' id='word_1_121' title='bbox 1581 1997 1719 2078; x_wconf 83' lang='lat' dir='ltr'>lux,</span> <span class='ocrx_word' id='word_1_122' title='bbox 1765 2016 1849 2064; x_wconf 89' lang='lat' dir='ltr'>ac</span> <span class='ocrx_word' id='word_1_123' title='bbox 1902 2015 2041 2065; x_wconf 88' lang='lat' dir='ltr'>non</span> <span class='ocrx_word' id='word_1_124' title='bbox 2090 1994 2322 2087; x_wconf 87' lang='lat' dir='ltr'>potius</span> <span class='ocrx_word' id='word_1_125' title='bbox 2368 2014 2604 2063; x_wconf 90' lang='lat' dir='ltr'>crassa</span> <span class='ocrx_word' id='word_1_126' title='bbox 2657 1994 2883 2087; x_wconf 86' lang='lat' dir='ltr'>caligo</span> <span class='ocrx_word' id='word_1_127' title='bbox 2930 1994 3021 2063; x_wconf 90' lang='lat' dir='ltr'>sit</span> 
     </span>
     <span class='ocr_line' id='line_1_17' title="bbox 641 2096 3017 2192; baseline 0 -25"><span class='ocrx_word' id='word_1_128' title='bbox 641 2118 1029 2181; x_wconf 78' lang='lat' dir='ltr'>emersura,</span> <span class='ocrx_word' id='word_1_129' title='bbox 1098 2118 1238 2167; x_wconf 90' lang='lat' dir='ltr'>non</span> <span class='ocrx_word' id='word_1_130' title='bbox 1297 2107 1405 2167; x_wconf 91' lang='lat' dir='ltr'>est</span> <span class='ocrx_word' id='word_1_131' title='bbox 1464 2098 1789 2189; x_wconf 89' lang='lat' dir='ltr'>cuiquam</span> <span class='ocrx_word' id='word_1_132' title='bbox 1852 2098 2225 2189; x_wconf 87' lang='lat' dir='ltr'>cognitum.</span> <span class='ocrx_word' id='word_1_133' title='bbox 2305 2096 2444 2166; x_wconf 93' lang='lat' dir='ltr'>Sed</span> <span class='ocrx_word' id='word_1_134' title='bbox 2506 2120 2717 2188; x_wconf 91' lang='lat' dir='ltr'>quum</span> <span class='ocrx_word' id='word_1_135' title='bbox 2782 2098 3017 2192; x_wconf 91' lang='lat' dir='ltr'>aliquo</span> 
     </span>
     <span class='ocr_line' id='line_1_18' title="bbox 640 2199 3018 2292; baseline 0 -23"><span class='ocrx_word' id='word_1_136' title='bbox 640 2210 869 2275; x_wconf 87' lang='lat' dir='ltr'>tamen</span> <span class='ocrx_word' id='word_1_137' title='bbox 902 2209 1217 2292; x_wconf 91' lang='lat' dir='ltr'>tempore</span> <span class='ocrx_word' id='word_1_138' title='bbox 1248 2202 1620 2273; x_wconf 81' lang='lat' dir='ltr'>redituram</span> <span class='ocrx_word' id='word_1_139' title='bbox 1659 2222 1820 2271; x_wconf 88' lang='lat' dir='ltr'>esse</span> <span class='ocrx_word' id='word_1_140' title='bbox 1849 2202 2074 2272; x_wconf 87' lang='lat' dir='ltr'>lucem</span> <span class='ocrx_word' id='word_1_141' title='bbox 2117 2199 2449 2271; x_wconf 87' lang='lat' dir='ltr'>credibile</span> <span class='ocrx_word' id='word_1_142' title='bbox 2478 2200 2587 2284; x_wconf 93' lang='lat' dir='ltr'>sit,</span> <span class='ocrx_word' id='word_1_143' title='bbox 2627 2202 2878 2271; x_wconf 90' lang='lat' dir='ltr'>mirum</span> <span class='ocrx_word' id='word_1_144' title='bbox 2908 2212 3018 2273; x_wconf 90' lang='lat' dir='ltr'>est</span> 
     </span>
     <span class='ocr_line' id='line_1_19' title="bbox 638 2303 3013 2396; baseline 0 -23"><span class='ocrx_word' id='word_1_145' title='bbox 638 2326 780 2374; x_wconf 90' lang='lat' dir='ltr'>non</span> <span class='ocrx_word' id='word_1_146' title='bbox 824 2304 1037 2375; x_wconf 89' lang='lat' dir='ltr'>metui</span> <span class='ocrx_word' id='word_1_147' title='bbox 1084 2326 1174 2373; x_wconf 95' lang='lat' dir='ltr'>ne</span> <span class='ocrx_word' id='word_1_148' title='bbox 1225 2327 1351 2396; x_wconf 93' lang='lat' dir='ltr'>pro</span> <span class='ocrx_word' id='word_1_149' title='bbox 1389 2306 1543 2375; x_wconf 90' lang='lat' dir='ltr'>luce</span> <span class='ocrx_word' id='word_1_150' title='bbox 1595 2305 1771 2396; x_wconf 90' lang='lat' dir='ltr'>ignis</span> <span class='ocrx_word' id='word_1_151' title='bbox 1818 2314 2163 2395; x_wconf 89' lang='lat' dir='ltr'>erumpat,</span> <span class='ocrx_word' id='word_1_152' title='bbox 2203 2303 2803 2395; x_wconf 87' lang='lat' dir='ltr'>quandoquidem,</span> <span class='ocrx_word' id='word_1_153' title='bbox 2843 2305 3013 2376; x_wconf 91' lang='lat' dir='ltr'>dum</span> 
     </span>
     <span class='ocr_line' id='line_1_20' title="bbox 640 2406 3012 2500; baseline 0.001 -25"><span class='ocrx_word' id='word_1_154' title='bbox 640 2427 843 2478; x_wconf 91' lang='lat' dir='ltr'>aures</span> <span class='ocrx_word' id='word_1_155' title='bbox 881 2436 911 2470; x_wconf 84' lang='lat'>»</span> <span class='ocrx_word' id='word_1_156' title='bbox 928 2406 1227 2490; x_wconf 88' lang='lat' dir='ltr'>credite,</span> <span class='ocrx_word' id='word_1_157' title='bbox 1270 2407 1585 2478; x_wconf 88' lang='lat' dir='ltr'>credite«</span> <span class='ocrx_word' id='word_1_158' title='bbox 1620 2407 2016 2500; x_wconf 83' lang='lat' dir='ltr'>perstrepit,</span> <span class='ocrx_word' id='word_1_159' title='bbox 2056 2407 2238 2477; x_wconf 89' lang='lat' dir='ltr'>oculi</span> <span class='ocrx_word' id='word_1_160' title='bbox 2276 2406 2708 2477; x_wconf 85' lang='lat' dir='ltr'>incredibilia</span> <span class='ocrx_word' id='word_1_161' title='bbox 2747 2409 3012 2480; x_wconf 89' lang='lat' dir='ltr'>vident.</span> 
     </span>
     <span class='ocr_line' id='line_1_21' title="bbox 637 2508 3014 2606; baseline 0.003 -28"><span class='ocrx_word' id='word_1_162' title='bbox 637 2511 891 2581; x_wconf 90' lang='lat' dir='ltr'>Verum</span> <span class='ocrx_word' id='word_1_163' title='bbox 942 2520 1251 2602; x_wconf 86' lang='lat' dir='ltr'>praestat</span> <span class='ocrx_word' id='word_1_164' title='bbox 1296 2510 1472 2580; x_wconf 90' lang='lat' dir='ltr'>haec</span> <span class='ocrx_word' id='word_1_165' title='bbox 1523 2511 1734 2579; x_wconf 90' lang='lat' dir='ltr'>missa</span> <span class='ocrx_word' id='word_1_166' title='bbox 1786 2511 2040 2594; x_wconf 87' lang='lat' dir='ltr'>facere,</span> <span class='ocrx_word' id='word_1_167' title='bbox 2080 2508 2375 2580; x_wconf 91' lang='lat' dir='ltr'>ridenda</span> <span class='ocrx_word' id='word_1_168' title='bbox 2426 2511 2764 2602; x_wconf 82' lang='lat' dir='ltr'>originem</span> <span class='ocrx_word' id='word_1_169' title='bbox 2802 2534 3014 2606; x_wconf 89' lang='lat' dir='ltr'>spec-</span> 
     </span>
     <span class='ocr_line' id='line_1_22' title="bbox 638 2613 2174 2706; baseline -0.001 -23"><span class='ocrx_word' id='word_1_170' title='bbox 638 2614 832 2699; x_wconf 88' lang='lat' dir='ltr'>tanti,</span> <span class='ocrx_word' id='word_1_171' title='bbox 874 2613 1103 2684; x_wconf 89' lang='lat' dir='ltr'>ssenda</span> <span class='ocrx_word' id='word_1_172' title='bbox 1142 2614 1471 2706; x_wconf 80' lang='lat' dir='ltr'>cogitanti</span> <span class='ocrx_word' id='word_1_173' title='bbox 1507 2635 1644 2706; x_wconf 91' lang='lat' dir='ltr'>quo</span> <span class='ocrx_word' id='word_1_174' title='bbox 1685 2613 1821 2683; x_wconf 88' lang='lat' dir='ltr'>sint</span> <span class='ocrx_word' id='word_1_175' title='bbox 1858 2633 2174 2685; x_wconf 89' lang='lat' dir='ltr'>evasura.</span> 
     </span>
    </p>

    <p class='ocr_par' dir='ltr' id='par_1_3' title="bbox 634 2716 3016 3327">
     <span class='ocr_line' id='line_1_23' title="bbox 844 2716 3016 2811; baseline 0.001 -26"><span class='ocrx_word' id='word_1_176' title='bbox 844 2716 1118 2787; x_wconf 87' lang='lat' dir='ltr'>Accidit</span> <span class='ocrx_word' id='word_1_177' title='bbox 1163 2719 1231 2786; x_wconf 91' lang='lat' dir='ltr'>in</span> <span class='ocrx_word' id='word_1_178' title='bbox 1281 2718 1393 2788; x_wconf 90' lang='lat' dir='ltr'>illo</span> <span class='ocrx_word' id='word_1_179' title='bbox 1446 2717 1766 2787; x_wconf 86' lang='lat' dir='ltr'>carminis</span> <span class='ocrx_word' id='word_1_180' title='bbox 1804 2716 2142 2787; x_wconf 86' lang='lat' dir='ltr'>Pindarici</span> <span class='ocrx_word' id='word_1_181' title='bbox 2197 2716 2488 2787; x_wconf 85' lang='lat' dir='ltr'>exordio</span> <span class='ocrx_word' id='word_1_182' title='bbox 2528 2717 2714 2809; x_wconf 91' lang='lat' dir='ltr'>quod</span> <span class='ocrx_word' id='word_1_183' title='bbox 2754 2719 2824 2786; x_wconf 92' lang='lat' dir='ltr'>in</span> <span class='ocrx_word' id='word_1_184' title='bbox 2862 2720 3016 2811; x_wconf 89' lang='lat' dir='ltr'>ple-</span> 
     </span>
     <span class='ocr_line' id='line_1_24' title="bbox 638 2820 3015 2914; baseline 0 -22"><span class='ocrx_word' id='word_1_185' title='bbox 638 2821 871 2913; x_wconf 87' lang='lat' dir='ltr'>risque</span> <span class='ocrx_word' id='word_1_186' title='bbox 907 2820 1118 2914; x_wconf 89' lang='lat' dir='ltr'>prisci</span> <span class='ocrx_word' id='word_1_187' title='bbox 1158 2821 1311 2891; x_wconf 85' lang='lat' dir='ltr'>aevi</span> <span class='ocrx_word' id='word_1_188' title='bbox 1348 2820 1835 2904; x_wconf 84' lang='lat' dir='ltr'>monumentiS,</span> <span class='ocrx_word' id='word_1_189' title='bbox 1866 2830 1962 2905; x_wconf 91' lang='lat' dir='ltr'>ut,</span> <span class='ocrx_word' id='word_1_190' title='bbox 2004 2820 2318 2911; x_wconf 85' lang='lat' dir='ltr'>quamvis</span> <span class='ocrx_word' id='word_1_191' title='bbox 2357 2820 2444 2889; x_wconf 89' lang='lat' dir='ltr'>sit</span> <span class='ocrx_word' id='word_1_192' title='bbox 2480 2843 2521 2889; x_wconf 92' lang='lat' dir='ltr'>a</span> <span class='ocrx_word' id='word_1_193' title='bbox 2556 2822 2788 2891; x_wconf 89' lang='lat' dir='ltr'>multis</span> <span class='ocrx_word' id='word_1_194' title='bbox 2828 2831 3015 2892; x_wconf 90' lang='lat' dir='ltr'>trac—</span> 
     </span>
     <span class='ocr_line' id='line_1_25' title="bbox 638 2922 3016 3018; baseline 0.002 -26"><span class='ocrx_word' id='word_1_195' title='bbox 638 2934 852 2996; x_wconf 89' lang='lat' dir='ltr'>tatum</span> <span class='ocrx_word' id='word_1_196' title='bbox 883 2925 1130 3009; x_wconf 79' lang='lat' dir='ltr'>doctiS,</span> <span class='ocrx_word' id='word_1_197' title='bbox 1162 2934 1391 2993; x_wconf 88' lang='lat' dir='ltr'>tamen</span> <span class='ocrx_word' id='word_1_198' title='bbox 1420 2923 1732 2996; x_wconf 90' lang='lat' dir='ltr'>nondum</span> <span class='ocrx_word' id='word_1_199' title='bbox 1763 2946 1847 2995; x_wconf 94' lang='lat' dir='ltr'>eo</span> <span class='ocrx_word' id='word_1_200' title='bbox 1875 2923 2287 3016; x_wconf 87' lang='lat' dir='ltr'>perductum</span> <span class='ocrx_word' id='word_1_201' title='bbox 2314 2922 2657 3009; x_wconf 84' lang='lat' dir='ltr'>videatur,</span> <span class='ocrx_word' id='word_1_202' title='bbox 2687 2935 2763 2998; x_wconf 89' lang='lat' dir='ltr'>ut</span> <span class='ocrx_word' id='word_1_203' title='bbox 2788 2927 3016 3018; x_wconf 86' lang='lat' dir='ltr'>possit</span> 
     </span>
     <span class='ocr_line' id='line_1_26' title="bbox 635 3027 3012 3121; baseline 0.002 -25"><span class='ocrx_word' id='word_1_204' title='bbox 635 3049 761 3120; x_wconf 91' lang='lat' dir='ltr'>pro</span> <span class='ocrx_word' id='word_1_205' title='bbox 801 3028 1114 3098; x_wconf 90' lang='lat' dir='ltr'>restituto</span> <span class='ocrx_word' id='word_1_206' title='bbox 1176 3027 1437 3097; x_wconf 91' lang='lat' dir='ltr'>haberi.</span> <span class='ocrx_word' id='word_1_207' title='bbox 1520 3027 1695 3097; x_wconf 89' lang='lat' dir='ltr'>Nam</span> <span class='ocrx_word' id='word_1_208' title='bbox 1757 3048 1936 3118; x_wconf 91' lang='lat' dir='ltr'>quae</span> <span class='ocrx_word' id='word_1_209' title='bbox 2000 3027 2165 3098; x_wconf 91' lang='lat' dir='ltr'>satis</span> <span class='ocrx_word' id='word_1_210' title='bbox 2215 3028 2430 3098; x_wconf 86' lang='lat' dir='ltr'>multa</span> <span class='ocrx_word' id='word_1_211' title='bbox 2491 3038 2871 3121; x_wconf 91' lang='lat' dir='ltr'>suppetunt</span> <span class='ocrx_word' id='word_1_212' title='bbox 2919 3030 3012 3101; x_wconf 89' lang='lat' dir='ltr'>ad</span> 
     </span>
     <span class='ocr_line' id='line_1_27' title="bbox 634 3130 3012 3226; baseline 0.001 -25"><span class='ocrx_word' id='word_1_213' title='bbox 634 3152 876 3201; x_wconf 87' lang='lat' dir='ltr'>verum</span> <span class='ocrx_word' id='word_1_214' title='bbox 929 3131 1416 3201; x_wconf 89' lang='lat' dir='ltr'>inveniendum</span> <span class='ocrx_word' id='word_1_215' title='bbox 1470 3130 1852 3223; x_wconf 89' lang='lat' dir='ltr'>praesidia,</span> <span class='ocrx_word' id='word_1_216' title='bbox 1903 3150 1988 3202; x_wconf 91' lang='lat' dir='ltr'>ea</span> <span class='ocrx_word' id='word_1_217' title='bbox 2034 3151 2171 3199; x_wconf 92' lang='lat' dir='ltr'>non</span> <span class='ocrx_word' id='word_1_218' title='bbox 2224 3131 2444 3200; x_wconf 91' lang='lat' dir='ltr'>solum</span> <span class='ocrx_word' id='word_1_219' title='bbox 2497 3133 2677 3200; x_wconf 91' lang='lat' dir='ltr'>inter</span> <span class='ocrx_word' id='word_1_220' title='bbox 2726 3154 2804 3201; x_wconf 91' lang='lat' dir='ltr'>se</span> <span class='ocrx_word' id='word_1_221' title='bbox 2857 3134 3012 3226; x_wconf 86' lang='lat' dir='ltr'>ipsa</span> 
     </span>
     <span class='ocr_line' id='line_1_28' title="bbox 635 3232 3011 3327; baseline 0.001 -23"><span class='ocrx_word' id='word_1_222' title='bbox 635 3234 1057 3327; x_wconf 88' lang='lat' dir='ltr'>discrepant,</span> <span class='ocrx_word' id='word_1_223' title='bbox 1098 3234 1223 3303; x_wconf 90' lang='lat' dir='ltr'>sed</span> <span class='ocrx_word' id='word_1_224' title='bbox 1263 3235 1471 3303; x_wconf 90' lang='lat' dir='ltr'>etiam</span> <span class='ocrx_word' id='word_1_225' title='bbox 1509 3234 1776 3326; x_wconf 90' lang='lat' dir='ltr'>singula</span> <span class='ocrx_word' id='word_1_226' title='bbox 1813 3255 1939 3327; x_wconf 93' lang='lat' dir='ltr'>per</span> <span class='ocrx_word' id='word_1_227' title='bbox 1992 3254 2068 3302; x_wconf 93' lang='lat' dir='ltr'>se</span> <span class='ocrx_word' id='word_1_228' title='bbox 2107 3232 2316 3302; x_wconf 85' lang='lat' dir='ltr'>dubia</span> <span class='ocrx_word' id='word_1_229' title='bbox 2353 3244 2423 3302; x_wconf 83' lang='lat' dir='ltr'>et.</span> <span class='ocrx_word' id='word_1_230' title='bbox 2458 3245 2784 3327; x_wconf 89' lang='lat' dir='ltr'>suspecta</span> <span class='ocrx_word' id='word_1_231' title='bbox 2822 3251 3011 3322; x_wconf 77' lang='lat' dir='ltr'>sunt,</span> 
     </span>
    </p>

    <p class='ocr_par' dir='ltr' id='par_1_4' title="bbox 508 3336 3010 4047">
     <span class='ocr_line' id='line_1_29' title="bbox 508 3336 3010 3430; baseline -0.001 -18"><span class='ocrx_word' id='word_1_232' title='bbox 508 3375 563 3427; x_wconf 87' lang='lat' dir='ltr'>p.</span> <span class='ocrx_word' id='word_1_233' title='bbox 584 3364 609 3411; x_wconf 77' lang='lat'><strong>⁴</strong></span> <span class='ocrx_word' id='word_1_234' title='bbox 635 3348 708 3408; x_wconf 91' lang='lat' dir='ltr'>ut</span> <span class='ocrx_word' id='word_1_235' title='bbox 735 3338 865 3407; x_wconf 92' lang='lat' dir='ltr'>nisi</span> <span class='ocrx_word' id='word_1_236' title='bbox 897 3337 1290 3429; x_wconf 85' lang='lat' dir='ltr'>diligentius</span> <span class='ocrx_word' id='word_1_237' title='bbox 1319 3337 1715 3406; x_wconf 86' lang='lat' dir='ltr'>examinata</span> <span class='ocrx_word' id='word_1_238' title='bbox 1743 3345 1950 3428; x_wconf 87' lang='lat' dir='ltr'>atque</span> <span class='ocrx_word' id='word_1_239' title='bbox 1978 3336 2156 3404; x_wconf 91' lang='lat' dir='ltr'>inter</span> <span class='ocrx_word' id='word_1_240' title='bbox 2183 3356 2261 3405; x_wconf 91' lang='lat' dir='ltr'>se</span> <span class='ocrx_word' id='word_1_241' title='bbox 2299 3347 2696 3430; x_wconf 88' lang='lat' dir='ltr'>comparata</span> <span class='ocrx_word' id='word_1_242' title='bbox 2726 3341 3010 3426; x_wconf 86' lang='lat' dir='ltr'>fuerint,</span> 
     </span>
     <span class='ocr_line' id='line_1_30' title="bbox 632 3435 3009 3535; baseline 0.003 -26"><span class='ocrx_word' id='word_1_243' title='bbox 632 3441 800 3509; x_wconf 91' lang='lat' dir='ltr'>nihil</span> <span class='ocrx_word' id='word_1_244' title='bbox 841 3439 1224 3532; x_wconf 89' lang='lat' dir='ltr'>putandum</span> <span class='ocrx_word' id='word_1_245' title='bbox 1252 3441 1340 3508; x_wconf 88' lang='lat' dir='ltr'>sit</span> <span class='ocrx_word' id='word_1_246' title='bbox 1376 3449 1607 3512; x_wconf 90' lang='lat' dir='ltr'>actum</span> <span class='ocrx_word' id='word_1_247' title='bbox 1644 3461 1823 3509; x_wconf 89' lang='lat' dir='ltr'>esse.</span> <span class='ocrx_word' id='word_1_248' title='bbox 1890 3438 2040 3507; x_wconf 92' lang='lat' dir='ltr'>Non</span> <span class='ocrx_word' id='word_1_249' title='bbox 2080 3438 2238 3509; x_wconf 88' lang='lat' dir='ltr'>dico</span> <span class='ocrx_word' id='word_1_250' title='bbox 2267 3438 2425 3522; x_wconf 82' lang='lat' dir='ltr'>hoc,</span> <span class='ocrx_word' id='word_1_251' title='bbox 2465 3435 2661 3531; x_wconf 87' lang='lat' dir='ltr'>quasi</span> <span class='ocrx_word' id='word_1_252' title='bbox 2698 3442 2852 3535; x_wconf 88' lang='lat' dir='ltr'>ipse</span> <span class='ocrx_word' id='word_1_253' title='bbox 2891 3467 3009 3515; x_wconf 91' lang='lat' dir='ltr'>me</span> 
     </span>
     <span class='ocr_line' id='line_1_31' title="bbox 631 3541 3010 3636; baseline 0.003 -23"><span class='ocrx_word' id='word_1_254' title='bbox 631 3554 822 3614; x_wconf 89' lang='lat' dir='ltr'>certa</span> <span class='ocrx_word' id='word_1_255' title='bbox 858 3545 1281 3636; x_wconf 89' lang='lat' dir='ltr'>prolaturum</span> <span class='ocrx_word' id='word_1_256' title='bbox 1321 3563 1596 3635; x_wconf 92' lang='lat' dir='ltr'>sperem</span> <span class='ocrx_word' id='word_1_257' title='bbox 1619 3596 1636 3626; x_wconf 89' lang='lat'>,</span> <span class='ocrx_word' id='word_1_258' title='bbox 1677 3542 1802 3612; x_wconf 91' lang='lat' dir='ltr'>sed</span> <span class='ocrx_word' id='word_1_259' title='bbox 1839 3550 1915 3610; x_wconf 90' lang='lat' dir='ltr'>ut</span> <span class='ocrx_word' id='word_1_260' title='bbox 1949 3542 2311 3611; x_wconf 87' lang='lat' dir='ltr'>ostendam</span> <span class='ocrx_word' id='word_1_261' title='bbox 2351 3541 2441 3612; x_wconf 92' lang='lat' dir='ltr'>ad</span> <span class='ocrx_word' id='word_1_262' title='bbox 2477 3566 2658 3634; x_wconf 89' lang='lat' dir='ltr'>quae</span> <span class='ocrx_word' id='word_1_263' title='bbox 2695 3546 3010 3620; x_wconf 88' lang='lat' dir='ltr'>animum</span> 
     </span>
     <span class='ocr_line' id='line_1_32' title="bbox 628 3644 3006 3742; baseline 0.002 -25"><span class='ocrx_word' id='word_1_264' title='bbox 628 3647 991 3718; x_wconf 90' lang='lat' dir='ltr'>attendere</span> <span class='ocrx_word' id='word_1_265' title='bbox 1020 3644 1390 3715; x_wconf 89' lang='lat' dir='ltr'>debuerint</span> <span class='ocrx_word' id='word_1_266' title='bbox 1426 3645 1543 3736; x_wconf 92' lang='lat' dir='ltr'>qui</span> <span class='ocrx_word' id='word_1_267' title='bbox 1571 3645 1637 3712; x_wconf 92' lang='lat' dir='ltr'>in</span> <span class='ocrx_word' id='word_1_268' title='bbox 1670 3644 2100 3715; x_wconf 81' lang='lat' dir='ltr'>restituendo</span> <span class='ocrx_word' id='word_1_269' title='bbox 2129 3645 2246 3715; x_wconf 91' lang='lat' dir='ltr'>illo</span> <span class='ocrx_word' id='word_1_270' title='bbox 2283 3646 2673 3738; x_wconf 82' lang='lat' dir='ltr'>fragmento</span> <span class='ocrx_word' id='word_1_271' title='bbox 2710 3670 3006 3742; x_wconf 90' lang='lat' dir='ltr'>operam</span> 
     </span>
     <span class='ocr_line' id='line_1_33' title="bbox 625 3748 3007 3844; baseline 0.003 -24"><span class='ocrx_word' id='word_1_272' title='bbox 625 3759 1027 3843; x_wconf 89' lang='lat' dir='ltr'>posuerunt.</span> <span class='ocrx_word' id='word_1_273' title='bbox 1103 3749 1276 3817; x_wconf 89' lang='lat' dir='ltr'>Eam</span> <span class='ocrx_word' id='word_1_274' title='bbox 1316 3748 1498 3817; x_wconf 89' lang='lat' dir='ltr'>enim</span> <span class='ocrx_word' id='word_1_275' title='bbox 1536 3748 1968 3841; x_wconf 88' lang='lat' dir='ltr'>scripturam,</span> <span class='ocrx_word' id='word_1_276' title='bbox 2009 3769 2187 3839; x_wconf 89' lang='lat' dir='ltr'>quae</span> <span class='ocrx_word' id='word_1_277' title='bbox 2239 3769 2332 3816; x_wconf 85' lang='lat' dir='ltr'>ex</span> <span class='ocrx_word' id='word_1_278' title='bbox 2369 3752 2554 3819; x_wconf 91' lang='lat' dir='ltr'>omni</span> <span class='ocrx_word' id='word_1_279' title='bbox 2591 3760 2791 3844; x_wconf 89' lang='lat' dir='ltr'>parte</span> <span class='ocrx_word' id='word_1_280' title='bbox 2830 3777 3007 3825; x_wconf 84' lang='lat' dir='ltr'>vera</span> 
     </span>
     <span class='ocr_line' id='line_1_34' title="bbox 624 3851 3004 3948; baseline 0.002 -25"><span class='ocrx_word' id='word_1_281' title='bbox 624 3854 733 3937; x_wconf 84' lang='lat' dir='ltr'>sit,</span> <span class='ocrx_word' id='word_1_282' title='bbox 773 3876 913 3925; x_wconf 92' lang='lat' dir='ltr'>non</span> <span class='ocrx_word' id='word_1_283' title='bbox 952 3861 1118 3945; x_wconf 89' lang='lat' dir='ltr'>puto</span> <span class='ocrx_word' id='word_1_284' title='bbox 1157 3860 1503 3944; x_wconf 90' lang='lat' dir='ltr'>repertum</span> <span class='ocrx_word' id='word_1_285' title='bbox 1533 3851 1635 3935; x_wconf 88' lang='lat' dir='ltr'>iri,</span> <span class='ocrx_word' id='word_1_286' title='bbox 1676 3851 1807 3921; x_wconf 91' lang='lat' dir='ltr'>nisi</span> <span class='ocrx_word' id='word_1_287' title='bbox 1846 3851 2127 3923; x_wconf 83' lang='lat' dir='ltr'>invento</span> <span class='ocrx_word' id='word_1_288' title='bbox 2154 3851 2437 3922; x_wconf 89' lang='lat' dir='ltr'>meliore</span> <span class='ocrx_word' id='word_1_289' title='bbox 2477 3854 2746 3940; x_wconf 89' lang='lat' dir='ltr'>codice,</span> <span class='ocrx_word' id='word_1_290' title='bbox 2787 3879 3004 3948; x_wconf 88' lang='lat' dir='ltr'>quam</span> 
     </span>
     <span class='ocr_line' id='line_1_35' title="bbox 625 3953 3005 4047; baseline 0.003 -22"><span class='ocrx_word' id='word_1_291' title='bbox 625 3977 720 4025; x_wconf 83' lang='lat' dir='ltr'>ex</span> <span class='ocrx_word' id='word_1_292' title='bbox 764 3976 902 4046; x_wconf 92' lang='lat' dir='ltr'>quo</span> <span class='ocrx_word' id='word_1_293' title='bbox 952 3955 1170 4024; x_wconf 85' lang='lat' dir='ltr'>verba</span> <span class='ocrx_word' id='word_1_294' title='bbox 1209 3954 1483 4024; x_wconf 90' lang='lat' dir='ltr'>Pindari</span> <span class='ocrx_word' id='word_1_295' title='bbox 1534 3954 1721 4047; x_wconf 91' lang='lat' dir='ltr'>apud</span> <span class='ocrx_word' id='word_1_296' title='bbox 1758 3955 2159 4047; x_wconf 80' lang='lat' dir='ltr'>Dionysium</span> <span class='ocrx_word' id='word_1_297' title='bbox 2208 3953 2893 4029; x_wconf 89' lang='lat' dir='ltr'>Halicarnassensem</span> <span class='ocrx_word' id='word_1_298' title='bbox 2933 3962 3005 4032; x_wconf 90' lang='lat' dir='ltr'>in</span> 
     </span>
    </p>

    <p class='ocr_par' dir='ltr' id='par_1_5' title="bbox 626 4057 3003 4674">
     <span class='ocr_line' id='line_1_36' title="bbox 626 4057 3002 4147; baseline 0.004 -21"><span class='ocrx_word' id='word_1_299' title='bbox 626 4057 801 4127; x_wconf 91' lang='lat' dir='ltr'>libro</span> <span class='ocrx_word' id='word_1_300' title='bbox 839 4058 957 4147; x_wconf 92' lang='lat' dir='ltr'>qui</span> <span class='ocrx_word' id='word_1_301' title='bbox 995 4058 1085 4127; x_wconf 92' lang='lat' dir='ltr'>de</span> <span class='ocrx_word' id='word_1_302' title='bbox 1122 4057 1402 4128; x_wconf 92' lang='lat' dir='ltr'>dicendi</span> <span class='ocrx_word' id='word_1_303' title='bbox 1443 4058 1509 4125; x_wconf 91' lang='lat' dir='ltr'>vi</span> <span class='ocrx_word' id='word_1_304' title='bbox 1547 4057 2034 4128; x_wconf 88' lang='lat' dir='ltr'>Demosthenis</span> <span class='ocrx_word' id='word_1_305' title='bbox 2071 4067 2178 4128; x_wconf 92' lang='lat' dir='ltr'>est</span> <span class='ocrx_word' id='word_1_306' title='bbox 2213 4058 2314 4126; x_wconf 90' lang='lat' dir='ltr'>sic</span> <span class='ocrx_word' id='word_1_307' title='bbox 2352 4059 2540 4129; x_wconf 89' lang='lat' dir='ltr'>edita</span> <span class='ocrx_word' id='word_1_308' title='bbox 2575 4059 2923 4135; x_wconf 89' lang='lat' dir='ltr'>habemus</span> <span class='ocrx_word' id='word_1_309' title='bbox 2961 4088 3002 4135; x_wconf 89' lang='lat' dir='ltr'>a</span> 
     </span>
     <span class='ocr_line' id='line_1_37' title="bbox 628 4159 2997 4257; baseline 0.004 -28"><span class='ocrx_word' id='word_1_310' title='bbox 628 4159 993 4251; x_wconf 77' lang='lat' dir='ltr'>Sylburgio</span> <span class='ocrx_word' id='word_1_311' title='bbox 1023 4183 1087 4251; x_wconf 93' lang='lat' dir='ltr'>p.</span> <span class='ocrx_word' id='word_1_312' title='bbox 1127 4160 1297 4245; x_wconf 76' lang='lat'>467,</span> <span class='ocrx_word' id='word_1_313' title='bbox 1334 4163 1448 4230; x_wconf 76' lang='lat'>48.</span> <span class='ocrx_word' id='word_1_314' title='bbox 1479 4169 1548 4229; x_wconf 87' lang='lat' dir='ltr'>et</span> <span class='ocrx_word' id='word_1_315' title='bbox 1574 4161 1851 4230; x_wconf 89' lang='lat' dir='ltr'>Reiskio</span> <span class='ocrx_word' id='word_1_316' title='bbox 1880 4164 2018 4232; x_wconf 85' lang='lat' dir='ltr'>vol.</span> <span class='ocrx_word' id='word_1_317' title='bbox 2050 4163 2155 4231; x_wconf 85' lang='lat' dir='ltr'>Vl.</span> <span class='ocrx_word' id='word_1_318' title='bbox 2188 4183 2254 4253; x_wconf 93' lang='lat' dir='ltr'>p.</span> <span class='ocrx_word' id='word_1_319' title='bbox 2291 4160 2473 4234; x_wconf 72' lang='lat'>972:</span> <span class='ocrx_word' id='word_1_320' title='bbox 2507 4163 2702 4240; x_wconf 81' lang='grc' dir='ltr'><em>ἀκτὶς</em></span> <span class='ocrx_word' id='word_1_321' title='bbox 2729 4166 2997 4257; x_wconf 78' lang='grc' dir='ltr'><em>ἀελίου,</em></span> 
     </span>
     <span class='ocr_line' id='line_1_38' title="bbox 626 4259 3001 4362; baseline 0.003 -28"><span class='ocrx_word' id='word_1_322' title='bbox 626 4262 702 4334; x_wconf 88' lang='grc' dir='ltr'><em>τί</em></span> <span class='ocrx_word' id='word_1_323' title='bbox 734 4259 1104 4331; x_wconf 82' lang='grc' dir='ltr'><strong><em>πολύσκοπ’</em></strong></span> <span class='ocrx_word' id='word_1_324' title='bbox 1146 4264 1316 4359; x_wconf 83' lang='grc' dir='ltr'><em>ἐμῆς</em></span> <span class='ocrx_word' id='word_1_325' title='bbox 1349 4262 1495 4333; x_wconf 76' lang='grc' dir='ltr'>θεῶ</span> <span class='ocrx_word' id='word_1_326' title='bbox 1531 4265 1599 4353; x_wconf 89' lang='grc' dir='ltr'>μ’</span> <span class='ocrx_word' id='word_1_327' title='bbox 1642 4264 1809 4359; x_wconf 78' lang='grc' dir='ltr'><em>ἄτερ</em></span> <span class='ocrx_word' id='word_1_328' title='bbox 1848 4262 2215 4355; x_wconf 80' lang='grc' dir='ltr'><em>ὀμμάτων.</em></span> <span class='ocrx_word' id='word_1_329' title='bbox 2297 4264 2560 4359; x_wconf 86' lang='grc' dir='ltr'><em>ἄστρον</em></span> <span class='ocrx_word' id='word_1_330' title='bbox 2596 4267 3001 4362; x_wconf 76' lang='grc' dir='ltr'><em>ὑπέρτατον</em></span> 
     </span>
     <span class='ocr_line' id='line_1_39' title="bbox 627 4360 3002 4462; baseline 0.003 -26"><span class='ocrx_word' id='word_1_331' title='bbox 627 4369 700 4436; x_wconf 79' lang='grc' dir='ltr'>ἐν</span> <span class='ocrx_word' id='word_1_332' title='bbox 755 4364 983 4458; x_wconf 78' lang='grc' dir='ltr'><em>ἁμέρᾳ</em></span> <span class='ocrx_word' id='word_1_333' title='bbox 1027 4360 1488 4455; x_wconf 80' lang='grc' dir='ltr'><em>κλεπτόμενον</em></span> <span class='ocrx_word' id='word_1_334' title='bbox 1538 4364 1796 4462; x_wconf 66' lang='grc' dir='ltr'><em>ἔθηκας</em></span> <span class='ocrx_word' id='word_1_335' title='bbox 1848 4366 2213 4458; x_wconf 81' lang='grc' dir='ltr'><em>ἀμάχανον</em></span> <span class='ocrx_word' id='word_1_336' title='bbox 2259 4366 2457 4455; x_wconf 79' lang='grc' dir='ltr'><em>ἰσχὺν</em></span> <span class='ocrx_word' id='word_1_337' title='bbox 2513 4367 2840 4462; x_wconf 76' lang='grc' dir='ltr'><em>ἀνδράσι,</em></span> <span class='ocrx_word' id='word_1_338' title='bbox 2884 4373 3002 4442; x_wconf 80' lang='grc' dir='ltr'>καὶ</span> 
     </span>
     <span class='ocr_line' id='line_1_40' title="bbox 632 4464 3001 4564; baseline 0.004 -27"><span class='ocrx_word' id='word_1_339' title='bbox 632 4465 885 4562; x_wconf 82' lang='grc' dir='ltr'><em>σοφίας</em></span> <span class='ocrx_word' id='word_1_340' title='bbox 933 4465 1099 4535; x_wconf 74' lang='grc' dir='ltr'><em>ὁδὸν</em></span> <span class='ocrx_word' id='word_1_341' title='bbox 1145 4464 1553 4537; x_wconf 80' lang='grc' dir='ltr'><em>ἑπισκόπτεν</em></span> <span class='ocrx_word' id='word_1_342' title='bbox 1606 4469 1918 4564; x_wconf 86' lang='grc' dir='ltr'><em>ἄτροπον</em></span> <span class='ocrx_word' id='word_1_343' title='bbox 1970 4468 2319 4559; x_wconf 75' lang='grc' dir='ltr'><em>ἑσσαμένα</em></span> <span class='ocrx_word' id='word_1_344' title='bbox 2372 4468 2682 4541; x_wconf 77' lang='grc' dir='ltr'><em>ἐλαύνειν</em></span> <span class='ocrx_word' id='word_1_345' title='bbox 2718 4499 2790 4542; x_wconf 88' lang='grc' dir='ltr'><em>τι</em></span> <span class='ocrx_word' id='word_1_346' title='bbox 2829 4474 3001 4546; x_wconf 78' lang='grc' dir='ltr'><em>νεώ-</em></span> 
     </span>
     <span class='ocr_line' id='line_1_41' title="bbox 628 4565 3003 4674; baseline 0.003 -34"><span class='ocrx_word' id='word_1_347' title='bbox 628 4569 903 4665; x_wconf 74' lang='grc' dir='ltr'><em>τερονῆ</em></span> <span class='ocrx_word' id='word_1_348' title='bbox 941 4565 1190 4663; x_wconf 89' lang='grc' dir='ltr'><em>πάρος.</em></span> <span class='ocrx_word' id='word_1_349' title='bbox 1261 4565 1431 4638; x_wconf 83' lang='grc' dir='ltr'><em>ἀλλά</em></span> <span class='ocrx_word' id='word_1_350' title='bbox 1469 4595 1541 4641; x_wconf 81' lang='grc' dir='ltr'>σε</span> <span class='ocrx_word' id='word_1_351' title='bbox 1575 4571 1751 4666; x_wconf 85' lang='grc' dir='ltr'><em>πρὸς</em></span> <span class='ocrx_word' id='word_1_352' title='bbox 1779 4572 1957 4650; x_wconf 82' lang='grc' dir='ltr'>Διὸς</span> <span class='ocrx_word' id='word_1_353' title='bbox 1996 4580 2204 4647; x_wconf 81' lang='grc' dir='ltr'><em>ἵππος</em></span> <span class='ocrx_word' id='word_1_354' title='bbox 2229 4570 2412 4648; x_wconf 78' lang='grc' dir='ltr'><em>θοὰς</em></span> <span class='ocrx_word' id='word_1_355' title='bbox 2463 4570 2772 4663; x_wconf 73' lang='grc' dir='ltr'><em>ἱκετεύω,</em></span> <span class='ocrx_word' id='word_1_356' title='bbox 2818 4577 3003 4674; x_wconf 83' lang='grc' dir='ltr'><em>ἀπή-</em></span> 
     </span>
    </p>
   </div>
  </div>
 </body>
</html>
