3328 5326
644 360 765 422 200
1599 358 2067 421 SOPHOCLES.

488 566 625 630 μη
645 560 723 621 ut
772 570 940 619 vera
991 570 1181 632 esse,
1232 570 1412 640 quae
1451 549 1868 621 Philoctetes
1922 572 1998 620 se
2051 549 2211 621 ficta
2262 549 2620 642 accepisse
2657 546 3010 630 credebat,

646 652 1041 723 affirmaret.
1130 652 1301 722 Nam
1352 653 1543 745 quod
1583 654 1980 725 Wunderus
2028 655 2156 739 ait,
2204 655 2551 747 sapienter
2604 648 3016 744 Sophoclem

644 779 786 827 non
824 758 1076 825 fecisse
1114 756 1643 849 Neoptolemum
1681 757 1773 829 ad
1808 759 2117 829 naucleri
2155 758 2338 828 dicta
2377 757 2888 849 respicientem,
2928 774 3016 822 ne

646 859 1068 930 Philoctetae
1123 861 1191 930 in
1244 870 1551 930 mentem
1610 870 1977 931 revocaret
2025 861 2490 954 turpissimam
2542 857 2891 941 fraudem,
2948 855 3020 927 id

643 985 771 1056 per
806 985 883 1033 se
922 964 1216 1047 corruit,
1258 965 1421 1056 quia
1457 964 1661 1056 plane
1701 963 1850 1035 fieri
1886 967 2157 1057 nequit,
2197 974 2274 1035 ut
2309 963 2761 1046 PhilocteteS‚
2801 982 3021 1052 quum

645 1067 895 1139 eadem
948 1090 1038 1136 ex
1077 1066 1533 1160 Neoptolemo
1583 1068 1815 1152 audit,
1855 1090 2037 1161 quae
2087 1068 2318 1161 paullo
2364 1078 2524 1137 ante
2561 1066 2649 1136 ab
2686 1063 3022 1135 nauclero

645 1179 1035 1262 acceperat,
1075 1191 1213 1241 non
1251 1171 1661 1242 recordetur
1697 1172 1878 1243 illius
1915 1172 2346 1242 narrationis.
2418 1171 2853 1262 Quapropter
2888 1188 3025 1260 ego

634 1273 927 1366 quidem
964 1275 1064 1344 sic
1102 1274 1462 1367 scripsisse
1505 1275 1921 1368 Sophoclem
1961 1285 2156 1368 puto:

851 1376 1027 1473 ἀνὴρ
1064 1377 1195 1472 γὰρ
1225 1378 1446 1455 ὄντως
1483 1378 1673 1449 ἔστιν
1709 1383 1781 1449 ἐκ
1830 1377 2091 1473 Τροίας
2128 1374 2364 1455 ἁλούς.

646 1480 876 1564 Quum
914 1481 1355 1552 excidisset'
1330 1482 1579 1570 ὄντος,
1626 1484 2008 1575 integratus
2045 1491 2151 1551 est
2185 1502 2432 1551 versus
2469 1480 2729 1552 inserto
2769 1478 2975 1573 ἡμῖν.

575 1695 580 1700 ¹
850 1601 1002 1672 Non
1051 1601 1399 1674 debebam
1449 1603 1738 1686 eiicere,
1778 1624 1959 1695 quae
2000 1602 2092 1672 de
2129 1599 2345 1671 Aiace
2382 1599 2570 1671 dicta
2604 1609 2767 1670 sunt
2801 1600 2874 1668 in
2915 1597 3025 1668 his

643 1727 710 1774 v.
751 1708 971 1775 1363.

953 1810 1130 1905 χρῆν
1165 1806 1297 1902 γάρ
1339 1835 1412 1879 σε
1450 1804 1611 1903 μήτ’
1654 1793 1877 1879 αὐῖτόν
1911 1808 2062 1878 ποτ’
2105 1812 2174 1884 ἐς
2222 1805 2490 1902 Τροίαν
2525 1810 2794 1896 μολεῖν,

953 1911 1143 2006 ἡμᾶς
1178 1913 1234 1980 τ’
1275 1912 1656 2006 ἀπείργειν,
1702 1919 1782 1981 οἵ
1805 1913 1886 2001 γε’
1918 1938 2044 1981 σου
2081 1905 2527 2005 καθύβρισαν

955 2013 1223 2109 πατρὸς
1257 2017 1463 2110 γέρας
1503 2015 1869 2097 συλῶντες,
1912 2020 1991 2085 οὶ
2013 2012 2143 2084 τὸν
2178 2013 2433 2085 ἄθλιον

956 2119 1228 2188 Αἴανθ’
1271 2117 1500 2189 ὅπλων
1542 2119 1670 2188 σοῦ’
1708 2117 1976 2213 πατρὸς
2010 2118 2307 2210 ὕστερον
2343 2115 2493 2210 δίκῃ

949 2222 1330 2299 Ὀδυσσέως
1369 2221 1675 2316 ἔκριναν.

647 2343 921 2413 Falsum
982 2350 1091 2411 est
1151 2343 1374 2426 enim,
1440 2342 1630 2433 quod
1684 2341 2071 2412 Brunckius
2127 2341 2457 2433 putabat,
2513 2338 2799 2410 Aiacem
2864 2349 3035 2410 ante

644 2444 983 2515 Achillem
1021 2446 1165 2514 fato
1204 2447 1517 2516 functum
1555 2443 1929 2536 significari
1965 2467 2031 2515 v.
2071 2443 2238 2516 4⁴2.
2308 2445 2498 2514 Bene
2537 2443 2828 2514 defensa
2865 2453 3037 2514 sunt

646 2550 759 2621 illa
794 2548 1012 2618 verba
1052 2547 1142 2616 ab
1178 2547 1536 2619 Erfurdtio
1574 2559 1644 2617 et
1680 2548 1847 2618 olim
1884 2569 1924 2617 a
1951 2548 2334 2631 Wundero‚
2373 2548 2750 2618 novissime
2789 2557 3033 2618 autem

648 2677 689 2725 a
729 2653 1107 2723 Sommero.
1184 2650 1428 2743 Neque
1465 2652 1534 2721 in
1572 2651 1807 2721 verbis
1845 2661 2015 2736 erat,
2057 2652 2245 2749 quod
2283 2652 2642 2746 indignum
2680 2650 3036 2745 Sophocle

648 2778 804 2828 esse
843 2764 1268 2826 censeretur.
1334 2756 1772 2848 Quamquam
1807 2757 2063 2826 vellem
2099 2755 2386 2826 Aiacem
2421 2756 2533 2825 hic
2571 2754 2699 2825 τὸν
2736 2756 3038 2846 ἄλκιμον

647 2863 943 2932 Αἱαντα
972 2859 1201 2952 potius
1229 2880 1442 2951 quam
1477 2857 1608 2930 τὸν
1645 2859 1902 2930 ἄθλιον
1929 2862 2187 2931 vocari.
2246 2860 2421 2930 Nam
2448 2862 2529 2943 si,
2560 2868 2637 2929 ut
2667 2856 3036 2929 Sommero

647 2965 908 3058 placet,
964 2973 1248 3056 propter
1284 2984 1477 3032 arma
1514 2964 1578 3033 ei
1615 2985 1757 3033 non
1796 2963 2192 3034 adiudicata
2231 2964 2480 3040 ἄθλιος
2525 2963 2810 3046 dicitur,
2865 2983 3037 3055 per-

647 3069 835 3139 versi
886 3067 1147 3159 aliquid
1194 3067 1263 3136 in
1315 3068 1658 3138 sententia
1710 3069 1919 3151 inest,
1964 3067 2137 3163 quia
2172 3060 2561 3163 nonjmiser
2596 3075 2784 3149 erat,
2824 3075 3034 3135 ante-

647 3195 858 3265 quam
911 3171 1347 3263 posthabitus
1401 3181 1507 3241 est
1545 3170 1753 3255 Ulixi,
1806 3171 1933 3241 sed
1987 3181 2355 3263 postquam
2404 3171 2519 3240 ille
2557 3171 2622 3241 ei
2659 3179 2767 3239 est
2819 3191 3037 3262 prae-

649 3277 847 3346 latus.
925 3276 1179 3359 Quare,
1221 3276 1277 3345 si
1315 3273 1445 3344 τὸν
1482 3275 1738 3346 ἄθλιον
1774 3275 2050 3366 scripsit
2088 3273 2506 3367 SophocleS‚
2545 3274 2787 3344 nescio
2827 3294 2918 3343 an
2962 3272 3037 3343 id

647 3378 1070 3448 vocabulum
1107 3378 1364 3449 rectius
1404 3378 1495 3448 ad
1532 3388 1828 3448 mortem
1864 3376 2097 3447 Aiacis
2135 3379 2505 3461 referatur,
2545 3397 2752 3469 quam
2789 3376 3039 3447 doleat

649 3481 1102 3552 Philoctetes:
1158 3483 1271 3551 cui
1324 3482 1456 3552 etsi
1505 3483 1740 3573 ignota
1790 3491 1939 3551 erat
1985 3502 2235 3551 caussa
2273 3483 2426 3552 eius
2462 3481 2740 3562 mortiS‚
2793 3489 3036 3550 tamen

650 3585 1159 3678 spectatoribus
1197 3605 1336 3653 non
1375 3595 1649 3677 poterat
1684 3605 1825 3654 non
1863 3585 1932 3653 in
1968 3594 2274 3654 mentem
2309 3585 2573 3655 venire.
2628 3626 2645 3648 .

855 3702 1008 3774 Non
1061 3716 1373 3797 pugnant
1423 3704 1606 3775 inter
1656 3727 1735 3774 se
1774 3726 2018 3775 versus
2066 3703 2282 3775 1371.
2331 3726 2471 3796 quo
2522 3703 2615 3774 de
2668 3713 2861 3795 patre
2901 3724 3037 3773 suo

645 3818 728 3879 ut
775 3810 939 3879 vivo
993 3808 1296 3899 loquitur
1334 3808 1788 3892 PhilocteteS‚
1843 3818 1913 3877 et
1962 3832 2028 3879 v.
2081 3807 2298 3880 1212.
2350 3829 2489 3899 quo
2526 3828 2604 3876 se
2642 3827 2802 3876 eum
2840 3806 3038 3898 apud

649 3923 961 3983 mortuos
999 3913 1475 4005 quaesiturum
1514 3911 1699 3983 dicit.
1759 3912 1878 3981 Illo
1916 3913 2099 3982 enim
2137 3913 2292 3982 loco
2332 3910 2566 3981 omnia
2604 3909 3036 4001 desperavit.

855 4031 933 4102 V.
972 4031 1189 4103 4384.
1228 4035 1518 4103 fortasse
1556 4032 1803 4124 aliquis
1844 4033 2176 4126 scriptum
2214 4032 2428 4102 fuisse
2466 4030 2887 4123 suspicetur:

961 4153 1172 4241 λέγεις
1208 4154 1270 4221 δ’
1309 4150 1705 4247 Ἀτρείδαις
1742 4152 1990 4245 ὄφελος
2024 4151 2067 4248 ἢ
2104 4150 2321 4243 κάμοὶ
2355 4146 2560 4243 τάδε,

858 4270 1090 4354 Quum
1125 4297 1191 4343 v,
1232 4273 1453 4344 1407.
1499 4275 1568 4343 in
1608 4272 1799 4343 libris
1837 4273 2135 4365 antiquis
2172 4271 2509 4363 scriptum
2559 4269 2681 4341 sit:
2740 4273 2839 4339 N.
2884 4270 3041 4346 πῶς

641 4375 901 4465 λε’)ἐις,
965 4377 1056 4444 Φ.
1102 4378 1302 4469 εῐρξω
1339 4371 1653 4460 πελάζειν
1694 4376 1818 4470 σῆς
1851 4373 2148 4471 πάτρας.
2211 4379 2305 4445 Ν.
2339 4374 2474 4444 ἀλλ’
2516 4374 2586 4443 εἰ
2615 4372 2784 4467 δρᾷς
2818 4371 3035 4441 ταῦθ’

654 4476 873 4571 ὥςπερ
934 4478 1196 4569 αὐδᾷς,
1246 4485 1467 4567 στεῖχε
1503 4473 1916 4572 ’προςκύσας
1949 4477 2227 4569 χθόνα,
2269 4477 2339 4545 in
2377 4477 2628 4568 quibus
2666 4473 2821 4545 cod.
2855 4473 3032 4542 Ven.

649 4579 864 4653 habet
913 4582 982 4653 εἰ
1024 4582 1193 4677 δρᾷς
1240 4579 1395 4652 ταδ’
1456 4582 1548 4659 ὠς
1594 4581 1850 4673 accidis:
1908 4604 2159 4654 vereor
2210 4602 2299 4650 ne
2350 4581 2546 4673 plura
2586 4587 2860 4649 resecta
2894 4576 3044 4647 sint
