3328 5326
667 343 706 400 3
719 343 796 401 92
1716 335 2017 400 ATTIUS.

667 529 893 603 Plauti
928 554 1048 601 nec
1074 529 1196 602 Bis
1231 551 1606 623 compressa
1640 552 1761 602 nec
1789 527 2067 600 Boeotia
2100 552 2416 625 umquam
2448 528 2602 623 fuit,
2640 552 2848 625 neque
2886 530 3042 602 adeo

655 636 1029 730 ’Ἀγροικος
1085 656 1294 727 neque
1350 631 1894 718 Commorientes,
1961 632 2079 703 sed
2150 630 2240 703 M.
2302 631 2591 727 Aquilii:
2660 633 2729 703 in
2801 635 3043 730 quibus

667 751 946 831 praeter
998 738 1247 808 vitiosa
1298 736 1516 807 verba
1577 733 1839 806 Gemini
1901 760 2021 806 nec
2077 734 2360 821 Leones,
2429 735 2681 827 quibus
2731 738 3045 809 Lenones

661 842 1020 935 geminOS,
1059 862 1240 934 quae
1286 841 1519 911 fabula
1554 839 1795 911 Plauto
1844 840 2311 926 tribuebatur,
2366 840 2507 911 dici
2557 840 3048 912 intellexerunt

671 947 1124 1040 interpreteS,
1177 944 1387 1015 etiam
1432 945 1519 1014 M.
1555 944 1809 1036 Aquilii
1854 966 2110 1015 nomen
2163 945 2467 1038 positum
2503 953 2611 1015 est
2647 945 2737 1015 ab
2777 945 2897 1031 iis,
2935 947 3043 1039 qui

669 1050 901 1142 paullo
958 1059 1118 1119 ante
1171 1048 1240 1118 in
1291 1050 1424 1119 isto
1478 1047 1676 1117 Gellii
1728 1049 1955 1141 capite
2009 1048 2338 1140 legissent
2389 1047 2749 1118 Boeotiam
2800 1048 3049 1143 Aquilii

545 1174 645 1235 p.5
670 1175 826 1222 esse
867 1152 1025 1222 dici.
1095 1152 1279 1222 Libri
1316 1154 1501 1222 enim
1538 1151 1606 1220 in
1645 1151 1814 1245 ipsis
1839 1150 2007 1221 Attii
2044 1152 2278 1222 verbis
2318 1159 2470 1222 actu
2505 1161 2577 1221 et
2604 1150 2692 1220 M.
2718 1149 3049 1223 Hatrutici

669 1268 738 1326 et
777 1254 865 1325 Μ.
899 1255 1089 1326 Accii
1135 1254 1262 1326 Titi
1311 1254 1599 1326 habent:
1657 1254 1845 1348 apud
1880 1255 2260 1326 Varronem
2307 1265 2541 1326 autem
2591 1253 2683 1326 de
2728 1256 2801 1328 L.
2836 1257 2909 1326 L.
2945 1257 3045 1340 VI.

667 1384 734 1453 p.
768 1361 941 1433 266.
985 1359 1098 1430 ed.
1144 1361 1396 1453 Speng.
1450 1357 1540 1452 (p.
1578 1363 1748 1430 ΜΟ.
1783 1358 1894 1429 ed.
1930 1358 2141 1454 Mun.)
2190 1359 2467 1451 legitur:
2510 1381 2860 1429 accensum
2894 1359 3050 1430 soli-

664 1472 804 1534 tum
851 1462 1022 1533 ciere
1060 1459 1336 1533 Boeotia
1384 1460 1691 1546 ostendit,
1748 1485 1946 1556 quam
1997 1461 2406 1533 comoediam
2439 1457 2579 1532 Alii
2620 1485 2762 1533 esse
2800 1462 3044 1534 dicunt.

666 1568 744 1639 Id
797 1569 1073 1639 fuerunt
1131 1567 1249 1658 qui
1306 1565 1394 1635 M.
1442 1564 1659 1635 Attilii
1712 1565 2159 1638 scribendum
2216 1576 2568 1659 putarent,
2623 1588 2837 1659 quem
2888 1567 3046 1637 Vul-

668 1672 890 1743 catius
951 1669 1300 1762 Sedigitus
1362 1670 1550 1763 apud
1612 1663 1906 1739 Gellium
1959 1669 2100 1739 XV.
2158 1669 2279 1741 24.
2346 1670 2418 1739 in
2478 1670 2704 1763 poetis
2769 1671 3049 1741 comicis

667 1784 1007 1846 numerat.
1088 1773 1223 1842 Alii
1267 1774 1746 1865 praetulerunt
1798 1773 2017 1843 Gellio
2069 1783 2356 1844 auctore
2392 1772 2795 1865 Aquilium.'
2856 1775 3047 1858 Quae

668 1878 898 1949 omnia
934 1900 1147 1969 quum
1184 1876 1644 1947 incertissima
1682 1876 1841 1961 sint,
1880 1876 2235 1969 ignotique
2264 1887 2516 1971 poetae
2543 1898 2804 1947 nomen
2831 1877 3047 1948 latere

666 1982 1010 2065 videatur,
1064 1980 1400 2074 suspicari
1451 1990 1643 2050 certe
1696 1980 1929 2050 licebit
1963 1979 2339 2051 Varronem
2394 1980 2790 2074 scripsisse:
2854 2004 3045 2075 quam

667 2084 1080 2156 comoediam
1117 2082 1210 2153 M.
1254 2082 1381 2154 Titi
1416 2107 1556 2155 esse
1593 2083 1839 2154 dicunt.
1931 2083 2136 2167 Quod
2174 2084 2231 2154 si
2269 2084 2395 2154 fuit
2431 2084 2679 2176 aliquis
2717 2085 2834 2155 illo
2874 2096 3046 2158 tem-

666 2210 840 2283 pore
877 2189 1124 2273 Titius,
1175 2188 1293 2282 qui
1345 2187 1748 2259 comoedias
1794 2187 2164 2272 scriberet,
2218 2189 2421 2260 facile
2460 2187 2631 2259 Attii
2667 2208 2914 2261 versus
2951 2191 3046 2259 sic

666 2303 994 2386 poterunt
1027 2292 1323 2363 restitui:

769 2394 1072 2491 Namque
1107 2419 1227 2466 nec
1263 2393 1523 2474 Gemini
1560 2393 1847 2479 lenones,
1883 2398 2004 2468 nec
2042 2389 2461 2481 Condalium,
2497 2397 2631 2466 no'n
2665 2392 2855 2466 Anus

770 2496 1019 2583 Plauti,
1059 2522 1179 2568 nec
1216 2497 1337 2567 Bis
1372 2501 1747 2590 compressa
1784 2507 1899 2567 aut
1935 2495 2211 2570 Boeo'tia
2248 2499 2390 2569 eius
2427 2499 2742 2594 umquam
2776 2498 2928 2594 fuit,

770 2600 997 2696 Neque
1035 2599 1198 2672 adeo
1235 2598 1590 2695 A9roecils,
1628 2623 1838 2696 neque
1877 2597 2409 2688 Commorientes,
2446 2601 2563 2674 sed
2603 2601 2818 2674 Marci
2863 2601 3009 2674 Titi.

877 2704 1249 2776 Videamus
1276 2725 1447 2775 vero
1485 2706 1876 2797 fragmenta
1904 2727 2085 2796 quae
2114 2706 2437 2777 distincte
2474 2728 2570 2777 ex
2594 2707 3045 2778 Didascalicis

668 2807 1065 2881 afferuntur.
1174 2807 1266 2878 Et
1326 2805 1517 2901 quod
1570 2830 1664 2878 ex
1714 2808 1890 2880 libro
1955 2809 2175 2902 primo
2240 2811 2592 2904 excerpsit
2652 2811 2917 2883 Nonius
2978 2813 3040 2880 in

666 2922 957 2983 mactare
1007 2935 1073 3005 p.
1120 2910 1290 2983 34⁴.
1342 2921 1413 2983 ut
1464 2911 1784 3005 positura
1832 2913 2207 2985 verborum
2256 2913 2605 3007 poeticam
2657 2915 3036 2986 orationem

664 3017 896 3110 prodit
922 3017 1023 3088 sic
1061 3017 1269 3110 plane
1307 3017 1598 3110 praebet
1634 3038 1962 3088 numeros
2000 3017 2420 3089 trochaicos:

1489 3119 1983 3214 sapientiaeque
2017 3121 2300 3193 invictae
2333 3121 2552 3216 qratia

976 3222 1189 3319 Atque
1225 3223 1495 3294 honoris
1522 3224 1762 3317 patera
1800 3222 2141 3295 Nestorem
2177 3224 2490 3296 mactavit
2522 3227 2749 3295 aurea.

664 3329 976 3399 Alterum
1014 3349 1107 3396 ex
1142 3327 1395 3398 eodem
1433 3328 1607 3398 libro
1646 3329 1834 3421 apud
1873 3326 2175 3401 eundem
2221 3329 2748 3422 grammaticum
2795 3329 2866 3399 in
2910 3326 3032 3399 ini-

663 3430 921 3501 miciter
954 3454 1021 3523 p.
1059 3433 1141 3500 54
1165 3430 1230 3505 4.
1265 3441 1340 3502 ut
1376 3430 1666 3502 eosdem
1701 3453 2030 3503 numeros
2065 3431 2329 3503 habere
2367 3431 2757 3515 ostendam,
2788 3432 3028 3504 addam

661 3558 733 3604 se
770 3545 840 3604 et
876 3533 1003 3605 ait.-

817 3640 889 3707 se'
915 3635 1193 3731 placare
1230 3635 1479 3706 hostem
1511 3636 1799 3731 ferocem
1834 3638 2315 3735 inimiciterque
2352 3642 2698 3711 accensum
2735 3639 2848 3711 ait.

664 3742 834 3811 Item
905 3741 1222 3824 tertium,
1276 3740 1335 3810 si
1385 3739 1663 3811 additur
1714 3765 1837 3835 que
1886 3743 2073 3837 apud
2128 3743 2556 3822 priscianum
2608 3745 2712 3814 VI.
2756 3767 2823 3838 p.
2871 3745 3030 3815 709.

673 3843 835 3937 (vol.
877 3846 921 3914 1.
966 3868 1033 3938 p.
1075 3843 1247 3918 264.
1292 3844 1402 3915 ed
1446 3843 1706 3938 Kithl)

1386 3947 1725 4042 falsidica,
1765 3949 2014 4036 audax,
2050 3951 2233 4045 quati
2269 3960 2482 4022 mater
2509 3951 2808 4047 pessimi,

874 4015 1180 4137 (ldibilis,
1219 4055 1588 4146 naturaque
1622 4050 1858 4146 impos,
1897 4056 2128 4125 excors
2164 4063 2225 4125 et
2256 4055 2425 4150 fera.

665 4154 773 4224 Ab
820 4153 928 4224 his
973 4155 1182 4227 valde
1236 4156 1619 4249 discrepat,
1674 4156 1867 4247 quod
1921 4157 2178 4230 Gellius
2230 4160 2469 4230 scribit
2506 4160 2610 4228 111.
2665 4162 2783 4230 Μ.
2827 4157 3036 4229 Attius

667 4265 885 4329 autem
953 4257 1028 4328 in
1080 4258 1302 4353 primo
1358 4257 1833 4330 Didascalicon
1903 4259 2151 4333 levibus
2220 4261 2579 4333 admodum
2642 4261 3035 4357 aryumentis

663 4360 895 4446 utitur,
933 4383 1061 4456 per
1107 4385 1274 4457 quae
1320 4361 1600 4434 ostendit
1650 4360 2016 4435 Hesiodum
2064 4375 2226 4436 natu
2270 4365 2585 4462 priorem.
2662 4364 2856 4449 Quod
2900 4362 3033 4435 Ho-

664 4487 911 4551 merus,
949 4463 1183 4559 inquit,
1224 4489 1425 4561 quum
1459 4467 1533 4538 in
1559 4466 1899 4562 principio
1944 4468 2260 4540 carminis
2296 4467 2623 4543 Achillem
2660 4493 2799 4540 esse
2826 4468 3029 4563 silium

669 4564 851 4640 Pelei
889 4567 1163 4654 diceret,
1203 4570 1350 4663 quis
1386 4578 1553 4643 esset
1586 4567 1822 4643 Peleus
1856 4596 1990 4642 non
2026 4571 2285 4644 addidit
2302 4599 2324 4643 .·
2378 4596 2575 4667 quam
2610 4595 2751 4647 rem
2780 4569 3028 4667 procul,
