3328 5326
714 371 829 429 400
1697 370 2098 451 nominos.

708 563 967 632 veniat:
1001 563 1469 656 longissimam
1499 563 2093 633 enumerationem
2124 583 2362 633 earum
2391 584 2645 645 rerum,
2676 561 2924 653 quibus
2954 582 3063 652 pro

708 687 835 737 suo
872 667 1165 758 quisque
1207 666 1482 757 ingenio
1519 664 1636 735 vel
1675 665 2059 738 delectetur
2095 666 2208 735 vel
2245 686 2385 736 non
2424 665 2848 748 delectetur,
2901 684 3065 755 quae

706 771 1021 863 profecto
1090 779 1247 862 post
1305 783 1445 838 tam
1519 769 2048 862 grandiloquam
2106 770 2594 840 allocutionem
2659 790 2801 838 non
2867 767 3065 837 modo

707 874 961 966 inepta,
1003 872 1131 943 sed
1166 873 1372 967 plane
1409 873 1698 944 ridicula
1738 874 2082 967 expositio
2133 883 2258 943 est.
2360 873 2482 943 Hic
2535 893 2707 942 vero
2757 871 3068 942 eximium

704 977 905 1046 nobis
944 977 1270 1049 auxilium
1315 981 1444 1046 fert
1481 976 1595 1046 illa
1632 998 1843 1069 quam
1882 977 2385 1119 (lix‘bMeinekii
2423 976 2844 1047 observatio.
2906 975 3067 1043 Nam

704 1080 943 1150 recisis
982 1092 1053 1150 et
1087 1081 1325 1173 primis
1362 1081 1635 1151 duobus
1674 1092 1745 1150 et
1780 1079 2056 1151 duobus
2095 1080 2462 1174 postremis
2498 1079 2823 1150 carminis
2861 1078 3072 1148 versi-

704 1184 834 1254 bus
870 1204 1011 1252 non
1049 1185 1271 1254 solum
1310 1185 1631 1276 strophas
1669 1185 1873 1277 plena
1903 1184 2245 1254 sententia
2275 1185 2667 1267 conclusaS,
2697 1182 2830 1252 nisi
2860 1203 3067 1276 prope

705 1286 952 1369 finem,
993 1309 1131 1378 quo
1169 1287 1327 1357 loco
1364 1288 1661 1358 alacrior
1701 1298 1772 1358 et
1808 1289 2217 1358 concitatior
2255 1309 2484 1358 sermo
2524 1288 2708 1356 illam
2746 1285 3065 1378 aequabi-

700 1391 962 1461 litatem
999 1390 1252 1484 negligi
1294 1392 1568 1483 patitur,
1610 1391 1740 1463 sed
1776 1392 1986 1462 etiam
2025 1401 2245 1463 totum
2283 1412 2566 1461 carmen
2606 1400 2766 1483 apte
2805 1391 3068 1483 pulcre·
3147 1396 3150 1401 ’

702 1515 838 1585 que
879 1496 1339 1587 compositum
1378 1495 1737 1565 hahemus,
1799 1495 2140 1579 Quocirca
2181 1497 2298 1565 vix
2327 1494 2623 1566 dubitari
2653 1502 2887 1587 potest
2913 1492 3066 1588 quin

703 1598 811 1667 isti
849 1619 1023 1689 quos
1061 1597 1366 1668 indicavi
1401 1619 1649 1668 versus
1689 1598 1777 1669 ab
1817 1599 2048 1690 aliquo
2088 1599 2366 1669 conficti
2403 1599 2572 1682 sint,
2628 1598 2748 1691 qui
2797 1617 3062 1667 carmen

700 1701 899 1783 illud,
951 1702 1140 1794 quod
1186 1704 1483 1796 primum
1522 1713 1745 1789 esset,
1785 1713 2080 1796 patrono
2121 1703 2378 1773 Horatii
2413 1701 2804 1772 Maecenati
2839 1699 3066 1771 dican-

701 1804 867 1876 dum
897 1807 1109 1876 fuisse
1135 1806 1505 1899 putaverit.
1548 1805 1727 1876 Num
1756 1816 1949 1876 recte
1978 1807 2357 1892 statuerim,
2389 1806 2698 1877 iudicare
2729 1813 3062 1899 poterunt,

700 1909 817 2001 qui
854 1909 1218 1980 liberatum
1258 1909 1405 1980 istis
1441 1911 1687 2002 pannis
1716 1910 2257 2001 distinctumque
2289 1911 2357 1979 in
2387 1931 2545 1980 suas
2577 1905 2896 2001 strophas
2926 1928 3070 1977 car-

702 2034 861 2080 men
903 2012 1520 2083 consideraverint..

1118 2112 1287 2185 Sunt
1324 2140 1483 2210 quos
1513 2116 1843 2186 curriculo
1876 2116 2219 2210 pulverem
2248 2113 2662 2212 Olympicum

1017 2219 1352 2313 colleqisse
1388 2220 1592 2305 iuvat,
1632 2229 1932 2314 metaque
1965 2219 2241 2313 fervidis

1012 2322 1250 2392 evitata
1286 2323 1448 2393 rotis
1479 2322 1838 2418 palmaque
1873 2323 2113 2394 nobilis

1012 2435 1341 2495 terrarum
1372 2425 1674 2496 dominos
1711 2424 1922 2496 evehit
1956 2427 2045 2496 ad
2081 2426 2275 2507 deos,-

1114 2528 1287 2598 lmnc
1323 2528 1381 2597 si
1419 2528 1759 2599 mobilium
1798 2526 1990 2598 turba
2029 2527 2387 2612 Quiritium

1012 2640 1215 2701 certat
1252 2631 1627 2723 terqcminis
1666 2630 1890 2701 tollere
1929 2630 2309 2722 honoribus,

1008 2734 1223 2819 illum,
1262 2736 1321 2804 si
1355 2735 1629 2828 proprio
1670 2734 1963 2805 condidit
1998 2734 2234 2807 horreo

1014 2836 1335 2932 quidquid
1373 2837 1453 2906 (lc
1492 2835 1760 2931 Libycis
1797 2838 2082 2908 verritur
2119 2841 2314 2913 areis.

1112 2942 1504 3036 qceudcntem
1533 2942 1796 3036 patrios
1825 2942 2077 3035 finde-re
2114 2946 2376 3016 sarculo

1011 3068 1204 3139 ayros
1240 3044 1546 3130 Attalicis
1584 3045 2069 3117 conditionibus

1007 3173 1366 3244 izecmqaam
1405 3150 1762 3235 dimoveas3
1804 3158 1874 3219 ul
1911 3150 2091 3220 trabe
2132 3148 2378 3246 Cypria

1010 3252 1339 3344 Myrtoum
1368 3253 1656 3347 pavidus
1692 3262 1897 3323 nauta
1932 3263 2100 3323 secel
2136 3278 2339 3324 viare.

1111 3356 1460 3425 luctantem
1505 3355 1745 3427 Icariis
1775 3356 2080 3449 flactibus
2116 3357 2420 3452 Africum

1008 3469 1333 3528 vecrcator
1371 3469 1659 3529 menceus
1700 3460 1904 3530 otium
1941 3470 2002 3530 et
2037 3461 2266 3555 oppidi

1009 3560 1240 3629 laudat
1278 3569 1416 3630 tuta
1451 3562 1596 3631 sai:
1636 3587 1790 3633 moa:
1827 3564 2034 3656 reficit
2073 3574 2248 3635 rates

1009 3686 1305 3756 quassas,
1344 3663 1654 3734 indocilis
1683 3666 2080 3760 pauperiem
2113 3668 2273 3762 pati.

1112 3776 1206 3836 ast
1242 3768 1354 3861 qai
1391 3791 1510 3837 ucc
1544 3769 1780 3838 veteris
1804 3768 2051 3863 pocula
2082 3769 2352 3842 Massici

1008 3893 1125 3940 nec
1153 3880 1416 3965 partem
1451 3870 1663 3941 solido
1702 3871 1961 3942 demere
1998 3872 2078 3944 de
2117 3873 2223 3944 dic

1010 3973 1280 4067 spernit,
1319 3998 1494 4044 nanc
1529 3972 1734 4044 viridi
1771 3974 2067 4048 membra
2101 3976 2222 4047 sub
2261 3979 2490 4049 arbuto

1009 4086 1275 4162 stratus,
1315 4102 1490 4148 nilne
1525 4077 1615 4149 ad
1652 4102 1864 4172 aquae
1902 4078 2044 4149 lene
2081 4092 2282 4175 caput
2314 4104 2568 4153 sacrae.

1113 4180 1350 4252 multos
1388 4190 1608 4258 castra
1643 4181 1876 4252 iuvant
1912 4191 1974 4252 et
2009 4183 2170 4254 lituo
2209 4184 2401 4255 tabae

1003 4284 1375 4377 permioetus
1409 4285 1662 4357 sonitus
1701 4283 1995 4381 bellaque
2031 4287 2351 4359 matribus

1012 4386 1357 4457 detestata:
1396 4397 1619 4460 manet
1652 4388 1770 4459 sub
1814 4387 1964 4460 Iove
1997 4389 2244 4484 friyido

1010 4499 1281 4559 venator
1317 4500 1577 4563 tenerae
1615 4492 1911 4588 coniuqis
1946 4493 2313 4579 immemor,

1114 4617 1230 4662 seu
1266 4592 1406 4664 visa
1443 4606 1538 4666 est
1574 4595 1811 4667 catalis
1850 4620 2041 4667 cerva
2071 4596 2401 4691 fidelibus,
