3328 5326
1288 373 1719 436 EURIPIDES.
2566 376 2689 436 219

305 567 374 635 in
405 565 678 658 parodo
708 576 1024 636 extrema
1051 586 1382 636 versuum
1410 566 1617 636 laesis
1643 565 2072 657 marginibus
2102 565 2391 659 perdita.
2432 568 2694 661 Aperta

306 690 418 738 res
458 690 547 739 eo
586 681 694 740 est
728 669 922 761 quod
958 669 1384 760 quibusdam¹
1415 670 1483 738 in
1522 670 1717 753 lociS,
1761 670 1876 740 ubi
1904 691 2310 762 expungere
2339 671 2693 764 Euripidis

299 793 556 844 versus
593 773 848 844 oblitus
886 781 1035 843 erat
1070 773 1546 866 interpolator,
1587 773 1839 844 eadem
1862 784 1946 844 .et
1981 774 2197 866 ipsius
2235 783 2307 844 et
2341 774 2692 868 Euripidis

298 876 544 947 verbis
598 876 784 947 dicta
838 877 1306 947 inveniuntur.
1400 876 1606 961 Quod
1657 878 1716 946 si
1767 876 1922 969 quis
1972 876 2153 960 hanc
2206 877 2693 949 condicionem

297 979 608 1064 codiciS,
664 1001 757 1050 ex
811 1001 949 1072 quo
1004 981 1222 1051 nostri
1274 980 1429 1050 libri
1475 989 1881 1064 manarunt,
1935 981 2288 1073 respicere
2339 1002 2480 1051 non
2519 980 2695 1052 obli-

294 1084 630 1168 viscetur,
670 1105 811 1154 non
839 1094 1081 1177 parcet
1105 1084 1388 1176 quidem
1419 1084 1742 1177 imperito
1771 1085 2272 1176 interpolatori,
2302 1085 2430 1155 sed
2460 1093 2693 1160 tamen

295 1208 390 1257 ne
431 1187 706 1281 putabit
741 1188 1026 1280 quidem
1063 1197 1334 1259 mortuo
1373 1188 1793 1259 medicinam
1843 1187 2198 1272 adhiberi,
2257 1191 2315 1259 si
2366 1189 2577 1259 etiam
2624 1190 2691 1258 in
2712 1215 2809 1276 με

294 1290 422 1375 iis,
479 1312 664 1383 quae
709 1292 822 1362 vel
868 1292 1107 1362 verbis
1146 1292 1259 1364 vel
1310 1294 1654 1363 sententia
1688 1291 2027 1384 Euripide
2066 1292 2368 1362 maxime
2407 1292 2695 1384 indigna

294 1403 489 1479 sunt,
531 1395 869 1487 reliquiae
908 1395 1412 1487 investigentur
1449 1417 1716 1480 eorum,
1757 1417 1940 1487 quae
1979 1396 2231 1489 ineptis
2263 1398 2543 1466 fuerunt
2570 1396 2695 1466 ab·

297 1498 631 1571 surdisve
682 1498 1158 1572 restituendae
1208 1498 1552 1570 evanidae
1589 1501 1704 1570 vel
1760 1500 2109 1570 laceratae
2147 1501 2534 1592 scripturae
2572 1521 2694 1569 co-

297 1602 586 1673 natibus
623 1601 1025 1695 depravata.
1111 1602 1403 1694 Magnae
1441 1605 1628 1673 enim
1668 1604 1965 1673 levitatis
2004 1614 2133 1687 est,
2168 1601 2511 1696 quidquid
2552 1603 2696 1674 dis-

305 1706 569 1798 pliceat
619 1706 808 1799 prius
860 1715 1080 1776 totum
1140 1706 1481 1789 abiicere,
1546 1729 1755 1798 quam
1821 1716 2149 1777 accurata
2212 1707 2694 1800 exploratione

297 1819 743 1902 compertum
797 1810 917 1894 sit,
972 1808 1144 1882 nihil
1180 1810 1439 1895 inesse,
1479 1810 1671 1902 quod
1709 1820 1828 1881 aut
1864 1809 2121 1881 debeat
2158 1822 2278 1881 aut
2315 1812 2533 1903 possit
2572 1831 2695 1903 pro

298 1914 612 2005 genuino
651 1911 914 1983 haberi.
973 1911 1202 2005 Atque
1228 1926 1381 1984 esto
1410 1925 1486 1983 ut
1514 1915 1672 2006 quis
1701 1914 1769 1983 in
1800 1913 1936 1984 hoc
1966 1936 2225 2006 genere
2255 1923 2463 1998 erret,
2493 1935 2696 1984 num-

297 2016 476 2109 quid
515 2016 703 2087 aliud
742 2017 987 2101 faciet,
1028 2038 1238 2108 quam
1275 2017 1467 2108 quod
1505 2029 1575 2087 et
1612 2018 1997 2110 pictoribus
2034 2028 2105 2089 et
2140 2017 2487 2089 statuariis
2526 2039 2697 2088 con-

295 2120 659 2204 cedimuS,
717 2121 1192 2212 facientesque
1247 2119 1638 2205 laudamuS,
1682 2130 1758 2191 ut
1795 2121 2078 2213 antiqua
2117 2122 2283 2192 artis
2318 2143 2534 2214 opera
2570 2141 2696 2191 ve-

296 2233 563 2295 tustate
616 2223 804 2296 laesa
858 2233 931 2294 et
968 2224 1277 2296 mutilata
1315 2224 1772 2317 probabiliter
1822 2224 1894 2293 in
1932 2225 2277 2317 integrum
2326 2223 2695 2295 restituere

293 2328 672 2400 laborent?

521 2429 662 2501 Sed
700 2441 1109 2502 con-vertam
1144 2451 1258 2501 me
1295 2429 1386 2500 ad
1424 2431 1646 2524 ipsam
1685 2432 2138 2523 tragoediam.
2222 2432 2393 2506 Eius
2427 2442 2505 2502 ut
2540 2425 2697 2503 finis

305 2535 378 2608 in
419 2544 704 2606 vetusto
742 2534 858 2604 illo
895 2534 1144 2605 codice
1182 2534 1576 2620 interierat,
1633 2536 1728 2605 ita
1764 2535 1972 2606 etiam
2010 2536 2276 2608 initium
2316 2535 2694 2608 laceratum

304 2640 469 2711 suit:
533 2639 839 2710 maxime
887 2639 1073 2708 enim
1125 2648 1442 2710 extrema
1479 2639 1817 2710 librorum
1869 2648 2292 2713 atteruntur:
2349 2660 2433 2713 ac
2477 2640 2697 2733 prima

304 2744 453 2814 duo
498 2743 684 2827 folia,
721 2764 1019 2835 quorum
1060 2743 1129 2811 in
1169 2764 1308 2815 uno
1335 2744 1690 2836 prologuS,
1722 2745 1792 2813 in
1823 2745 2040 2817 altero
2071 2746 2430 2836 anapaesti
2459 2744 2697 2836 scripti

307 2850 618 2931 fuerant,
675 2869 889 2938 quum
933 2848 1166 2918 avulsa
1204 2847 1484 2917 inverso
1523 2847 1771 2918 ordine
1809 2847 2214 2918 adiacerent
2246 2848 2362 2918 vel
2398 2846 2698 2940 adgluti-

309 2959 474 3021 nata
546 2960 819 3034 essent,
886 2949 1252 3021 exordium
1302 2950 1529 3021 visum
1593 2961 1704 3020 est
1750 2952 2148 3043 anapaestis
2203 2952 2458 3027 factum
2511 2970 2691 3021 esse.

308 3053 523 3138 Quod
558 3054 887 3146 quoniam
931 3062 1277 3146 repugnat
1325 3053 1817 3125 consuetudini
1852 3052 2232 3146 EuripidiS,
2280 3054 2397 3125 alii
2447 3053 2697 3124 docto-

303 3180 459 3229 rum
514 3168 969 3250 anapaestos,
1024 3157 1138 3226 alii
1181 3157 1470 3227 :iambos
1521 3157 1832 3229 arbitrati
1872 3167 2036 3228 sunt
2071 3158 2470 3249 suppositos
2506 3177 2688 3228 esse.

299 3262 519 3331 Recte
566 3282 739 3331 vero
794 3260 1151 3354 perspexit
1208 3261 1255 3328 Ι.
1298 3259 1377 3329 Α.
1422 3260 1819 3352 Hartungus
1872 3282 2103 3353 neque
2158 3261 2244 3331 ab
2297 3261 2694 3353 anapaestis

56 3395 59 3460 5
301 3365 655 3458 incepisse
693 3364 1035 3448 fabulam,
1076 3385 1208 3435 nec
1246 3364 1535 3457 prologo
1573 3364 1921 3449 caruisse,
1961 3364 2090 3435 sed
2126 3364 2495 3457 prologum
2532 3385 2694 3457 per-

56 3475 59 3504 t
306 3490 548 3561 peram
581 3468 1029 3543 mediis-esse
1065 3468 1460 3561 anapaestis
1497 3468 1856 3539 insertum.
1915 3469 2095 3541 Eum
2120 3469 2401 3561 legerat
2427 3468 2694 3539 Aristo-

306 3573 520 3643 teles:
578 3590 712 3643 nec
764 3594 1008 3644 verum
1061 3571 1406 3664 estquod
1456 3573 1535 3642 E.
1593 3571 1924 3645 Mullerus
1991 3573 2057 3645 in
2116 3573 2382 3644 diurnis
2446 3572 2692 3642 Darm-

306 3675 775 3751 stadiensibus
814 3697 875 3746 a.
918 3678 1135 3749 1838.
1170 3699 1235 3768 p.
1276 3679 1443 3746 484.
1478 3675 1678 3760 dixit,
1718 3676 1983 3748 nullum
2022 3686 2301 3748 exstare
2338 3673 2691 3768 Euripidis

308 3781 694 3872 prologum,
735 3780 805 3849 in
842 3803 982 3872 quo
1020 3802 1158 3850 non
1198 3780 1431 3851 statim
1470 3780 1662 3850 initio
1695 3780 1751 3850 is
1780 3780 1899 3872 qui
1929 3781 2250 3872 loquatur
2280 3779 2544 3850 indicet
2570 3780 2690 3870 qui

304 3882 413 3952 sit.
501 3883 901 3974 Coarguunt
936 3905 1098 3955 eum
1135 3884 1402 3977 prologi
1442 3883 1731 3967 OrestiS,
1776 3883 2330 3967 Phoenissarum,
2371 3881 2721 3966 Medeae,.

305 3986 852 4071 Heraclidarum,
891 3988 1226 4071 Helenae,
1267 3987 1605 4058 Electrae.
1683 3987 1868 4072 Quin
1906 3988 1973 4056 in
2015 3986 2371 4058 Alcestide
2408 3987 2691 4057 omnino

308 4112 449 4160 non
499 4091 812 4161 nominat
869 4108 947 4161 se
1000 4091 1120 4183 qui
1175 4092 1541 4184 prologum
1595 4091 1738 4183 agit
1787 4089 2056 4183 Apollo.
2160 4090 2692 4184 Cognoscebant

310 4194 493 4262 enim
531 4195 681 4287 ipso
718 4194 1057 4287 adspectu
1097 4203 1548 4287 spectatores.
1608 4195 1685 4263 In
1721 4194 2074 4286 iphigenia
2116 4194 2321 4287 igitur
2356 4195 2512 4287 quis
2549 4217 2690 4265 non

311 4297 537 4366 statim
574 4309 644 4368 et
679 4320 919 4391 regem
955 4319 1140 4378 esse,
1184 4298 1301 4390 qui
1339 4298 1685 4391 prodiret,
1738 4298 2061 4382 vidisset,
2119 4298 2238 4390 qui
2294 4318 2421 4368 rex
2457 4310 2690 4370 autem

309 4410 496 4470 esset
524 4401 1000 4486 intellexisset,
1031 4424 1247 4494 quum
1274 4423 1341 4471 v.
1376 4402 1444 4474 2.
1506 4401 2125 4494 Clytaemnestram
2160 4424 2452 4474 uxorem
2493 4423 2690 4472 suam

312 4524 466 4573 esse
495 4503 705 4578 dicit?
758 4506 863 4575 Eo
897 4514 1128 4575 tamen
1157 4527 1295 4575 non
1325 4503 1624 4577 efficitur
1652 4517 1729 4576 ut
1765 4505 1998 4576 omnia
2034 4507 2172 4576 sint
2208 4527 2334 4599 pro
2369 4503 2689 4598 genuinis

309 4604 652 4679 habenda.
711 4609 885 4679 Sunt
921 4610 1104 4679 enim
1142 4608 1489 4701 quaedam
1527 4608 1737 4679 valde
1774 4621 2124 4703 suspecta,
2164 4619 2235 4681 et
2272 4610 2492 4702 primo
2529 4607 2686 4699 qui-
