3328 5326
79 4584 82 4645 k

1104 357 1718 422 ARISTOPHANES.
2478 360 2605 422 259

586 550 669 619 ὃν
691 549 895 627 ,ὅπως
932 554 1338 643 ἐγχυτριεῖς.

252 656 407 725 ΧΟ.
440 649 524 722 κ’.
589 652 819 743 ὕπαγ’,
864 648 916 724 ὦ
952 658 1111 741 παῖ,
1150 652 1398 742 ὕπαγε.
2454 655 2601 726 300

251 757 409 829 ΠΛ.
443 753 576 826 κα’.
637 753 992 852 ἐθελήσεις
1041 753 1117 828 τί
1166 782 1293 847 μοι
1347 750 1503 844 οὖν,
1554 749 1607 825 ὦ
1642 751 1896 852 πάτερ,
1935 755 2024 851 ἤν
2065 752 2194 827 σού
2221 784 2295 826 τι

1779 860 2054 954 δεηθεῶς
2298 883 2461 985 στρ.
2504 858 2597 950 β’.

248 967 404 1034 ΧΟ.
437 960 577 1054 νβ’.
639 961 826 1034 πάνυ
853 990 895 1054 y
916 1013 940 1051 ,
976 990 1029 1032 ω
1056 961 1372 1034 παιδίον.
1417 962 1553 1034 ἀλλ’
1587 956 1736 1032 εἷπε
1759 990 1831 1033 τι
1824 959 2099 1054 ’βούλει
2130 990 2220 1054 με
2245 959 2604 1087 πριασθαι

634 1064 892 1159 καλόνς
936 1060 1137 1164 οἶμαι
1175 1067 1255 1136 δέ
1285 1091 1360 1137 σε
1396 1063 1758 1161 δήπουθεν
1793 1069 1974 1161 ἐρεῖν
2012 1062 2525 1160 ἀστραγάλους.

249 1171 408 1241 ΠΑ.
443 1166 575 1239 κα’.
636 1170 740 1262 μὰ
808 1167 965 1258 Δί’,
1035 1170 1171 1241 ἀλλ’
1245 1166 1579 1257 ἰσχάδας,
1666 1163 1720 1238 ὦ
1760 1166 2091 1244 παππία·
2167 1167 2371 1264 ἥδιον
2435 1165 2597 1263 γάρ.

1775 1275 1955 1343 ΧΟ.
1984 1268 2117 1364 κβ.
2165 1273 2289 1341 οὐκ
2326 1272 2443 1361 ἄν,

636 1376 739 1469 μὰ
771 1373 890 1447 Δί’
905 1425 925 1462 ,
970 1377 1036 1446 εἰ
1065 1376 1461 1469 κρέμαισθέ
1488 1379 1538 1465 γ’
1581 1374 1810 1465 ὑμεῖς.
2453 1377 2601 1447 305

252 1480 405 1549 ΠΛ.
444 1476 576 1548 κα’.
636 1481 740 1572 μὰ
768 1477 925 1566 Δί’,
971 1478 1054 1547 οὔ
1090 1479 1274 1573 τᾶρα
1314 1479 1710 1573 προπέμψω
1750 1502 1825 1550 σε
1858 1475 1946 1548 τὸ
1982 1473 2258 1548 λοιπόν.

243 1586 399 1653 ΧΟ.
437 1580 574 1674 κβ’.
637 1582 777 1653 ἀπὸ
812 1580 944 1676 γὰρ
981 1582 1201 1653 τοῦδέ
1224 1608 1310 1673 με
1348 1581 1481 1652 τοῦ
1518 1580 1920 1676 μισθαρίου

636 1685 886 1781 τρίτον
924 1685 1147 1755 αὐτὸν
1183 1685 1360 1773 ἔχειν
1398 1685 1664 1778 ἄλφιτα
1702 1687 1813 1756 δεῖ
1841 1684 1959 1755 καὶ
1998 1681 2170 1766 ξύλα
2206 1683 2473 1775 κῶψον·

638 1791 669 1861 ἒ
709 1789 766 1872 ἔ,
812 1787 896 1858 σὺ
935 1787 1005 1858 δὲ
1043 1786 1222 1860 σῦκά
1256 1790 1323 1879 μ’
1366 1791 1613 1865 αἰτεῖς.

244 1892 403 1963 ΠΛ.
450 1888 573 1980 κγ’.
636 1893 756 1982 ἄγε·
783 1893 942 1980 νῦν,
977 1886 1029 1961 ὦ
1052 1890 1304 1987 πάτερ,
1338 1893 1424 1988 ἢν
1450 1891 1546 1988 μὴ
1578 1890 1667 1962 τὸ
1693 1889 2149 1986 δικαστήριον
2179 1891 2411 1986 ἄρχων
2451 1893 2596 1962 310

2310 1994 2468 2063 ἀντ.
2500 1992 2593 2086 β’.

634 2096 897 2192 καθίσῃ
938 2098 1096 2186 νῦν,
1138 2093 1367 2169 πόθεν
1406 2094 1799 2193 ὠνησόμεθ’
1842 2096 2182 2192 dometur,-
2223 2096 2395 2184 ἔχεις
2429 2100 2536 2168 ἐλ-

636 2201 802 2272 πίδα
840 2197 1152 2297 χρηστήν
1187 2227 1352 2271 τινα
1388 2200 1530 2292 νῷν
1565 2200 1610 2295 ἢ
1645 2198 1875 2292 πόρον
1897 2198 2154 2277 ’Ἑλλας
2191 2197 2381 2294 ἱερόν
2400 2229 2427 2293 ,-

239 2306 397 2376 XO.
423 2302 561 2376 κδ’.
624 2304 906 2376 ἀπαπαῖ
941 2305 1104 2396 φεῦ,
1147 2307 1431 2376 ἀπαπαῖ
1462 2305 1621 2395 φεῦ.
1683 2306 1861 2380 ΧΟ.
1887 2299 2023 2394 uss'.
2066 2301 2174 2394 μὰ
2200 2300 2360 2391 Δί’,
2397 2303 2602 2376 οὗτοι

1773 2408 1972 2499 σφῷν
2009 2406 2191 2497 ἔγωγ’
2232 2402 2363 2477 οἶὸ

423 2613 500 2685 V.
552 2614 723 2686 303.
796 2612 1188 2706 Legebatur
1244 2606 1448 2704 οἶμαι
1500 2612 1577 2684 δέ
1623 2612 1677 2684 σ’
1733 2615 1916 2709 ἐρεῖν
1954 2609 2440 2709 ἀστραγάλους
2479 2610 2599 2710 δή·-

234 2726 518 2806 πσυθεν,
555 2713 615 2788 ὦ
651 2722 808 2789 παῖ.
869 2717 1317 2809 integerrima
1354 2726 1545 2802 sunt,
1584 2738 1768 2809 quae
1803 2716 1911 2789 his
1947 2716 2018 2787 in
2055 2718 2274 2787 altera
2310 2716 2596 2811 stropha

238 2820 647 2914 respondent
682 2847 739 2892 v.
777 2823 946 2893 312.
1034 2822 1266 2905 Quare
1314 2820 1426 2891 hic
1474 2821 1716 2893 eiectis
1770 2815 1823 2891 ὦ
1859 2826 2001 2891 παῖ
2027 2820 2403 2893 mutandus
2446 2831 2597 2891 erat

237 2924 393 2995 ordo
431 2926 819 2999 verborum.

424 3028 499 3097 V.
539 3030 707 3099 309.
767 3027 1027 3098 Addidi
1065 3026 1105 3097 ἕ
1132 3026 1191 3115 ἕ,
1232 3035 1308 3096 ut
1345 3037 1456 3097 est
1491 3027 1563 3095 in
1589 3048 1799 3097 versu
1836 3026 1961 3118 qui
1992 3025 2152 3097 huie
2190 3026 2590 3119 respondet.

420 3131 495 3200 V.
534 3133 712 3207 312.
767 3131 1038 3203 Pindari
1076 3129 1319 3212 verba,
1355 3151 1540 3221 wquae
1575 3128 2080 3223 Aristophanes
2118 3129 2484 3221 spectavit,
2525 3129 2597 3199 in

235 3233 480 3307 scholio
517 3236 617 3305 sio
655 3245 979 3328 corrupta
1017 3242 1366 3327 prostant:
1424 3231 1893 3323 πανδείματοι
1920 3232 2050 3324 μὲν
2086 3232 2262 3326 ὑπὲρ
2301 3228 2597 3303 πόντιον
2664 3296 2673 3303 .

227 3334 473 3415 Ἕλλας
507 3336 735 3435 πόρον
774 3336 991 3432 ἱερόν.
1053 3336 1207 3407 Non
1243 3335 1704 3408 dubitandum
1732 3335 2032 3420 videtur,
2062 3336 2228 3428 quin
2257 3335 2595 3409 Pindarus

237 3436 315 3509 de
364 3453 574 3534 ponte
620 3464 666 3515 a
708 3442 945 3513 Xerxe
994 3443 1176 3511 facto
1237 3439 1623 3535 scripserit:
1682 3438 1817 3511 τὰν
1888 3437 2183 3530 ὸέίματο
2233 3440 2365 3531 μὲν
2419 3438 2596 3534 ὑπὲρ

235 3540 510 3616 πόντιον
550 3543 776 3641 πόρον
799 3545 1058 3623 ’Ἑλλας
1095 3541 1311 3639 ἱερόν.
1400 3542 1873 3635 Consequens,
1899 3552 2040 3628 est,
2080 3553 2155 3615 ut
2191 3540 2415 3638 πόρον
2452 3564 2593 3615 non

234 3644 309 3713 sit
355 3669 476 3740 pro
514 3647 873 3743 πορισμὸν
910 3648 1212 3732 dietum,
1264 3670 1446 3740 quae
1492 3658 1600 3718 est
1637 3646 2055 3719 scholiastae
2092 3646 2593 3739 interpretati0‚

234 3746 451 3843 inepte
499 3751 1056 3825 redundantibus
1109 3773 1289 3842 quae
1343 3751 1618 3825 adiecta
1668 3761 1829 3822 sunt
1875 3752 2135 3828 Ἕλλας
2189 3747 2406 3845 ἱερόν,
2463 3747 2595 3821 sed

236 3859 432 3923 totum
470 3855 603 3926 hoe
641 3853 871 3948 πόρον
895 3856 1161 3930 “Evae
1199 3854 1387 3949 ἱερὸν
1426 3852 1769 3948 significet
1808 3855 2155 3947 effugium.

420 3959 492 4028 V.
531 3962 702 4031 313.
763 3957 1183 4029 Scholiastes
1221 3958 1485 4029 codicis
1526 3958 1768 4029 Veneti
1806 3980 2019 4050 quum
2058 3956 2330 4028 videret
2366 3956 2591 4049 impe—

235 4055 434 4130 ditam
484 4084 643 4134 esse
694 4061 899 4133 huius
955 4062 1534 4141 confabulationis
1577 4062 1954 4145 rationem,
2007 4061 2096 4131 ad
2133 4061 2274 4150 νῷν
2309 4081 2375 4128 v.
2412 4060 2587 4133 312.

232 4157 354 4231 hoe
406 4165 794 4237 adnotavit.
860 4168 962 4257 τῷ
1018 4165 1228 4257 &vimi
1289 4163 1641 4261 ἐχρήσατο
1695 4167 1780 4237 οὐ
1832 4165 2084 4242 κακῶς·
2155 4165 2399 4241 παῖδες
2457 4162 2592 4258 γάρ

231 4264 356 4334 εἰσι
407 4269 515 4340 καὶ
582 4271 878 4363 πατέρες
934 4270 1027 4346 οἷς
1081 4268 1157 4338 ἓν
1207 4266 1584 4364 πρόςωπον
1638 4267 1815 4375 πρὸς
1866 4272 1966 4341 ἕ.ν
2073 4265 2174 4339 Ac
2230 4267 2594 4360 legebatur

236 4384 393 4438 Sane
461 4372 662 4445 etiam
727 4372 876 4458 hic,
941 4370 1044 4463 μὰ
1106 4370 1262 4455 Δί’,
1336 4373 1459 4443 οὐκ
1514 4372 1717 4461 ἔγωγε
1773 4373 1916 4463 νῷν
1984 4365 2116 4440 οἶδ’
2180 4369 2450 4447 ὁπόθεν
2517 4396 2594 4459 γε

235 4468 498 4544 δεῖπνον
543 4475 778 4565 ἔσται,
845 4475 1086 4549 metris
1144 4496 1283 4547 non
1335 4476 1504 4547 satis
1557 4475 1987 4569 exaequatis
2062 4474 2314 4545 Senem
2358 4475 2588 4554 istum,

237 4577 344 4662 qui
397 4576 574 4648 chori
630 4579 1008 4653 vicesimus
1062 4577 1415 4651 secundus
1470 4590 1600 4664 est,
1657 4579 1835 4651 duos
1892 4578 2155 4653 habere
2212 4578 2407 4659 filios,
2464 4596 2593 4667 ap-

2084 4697 2175 4757 RQ

2626 564 2723 626 μυ
