3328 5326
681 364 705 423 ⁴
721 364 802 423 36
1646 360 2072 425 AESHYLUS.

674 575 906 626 sermo
959 575 1118 625 esse
1166 554 1388 648 potuit
1437 555 1557 646 qui
1604 575 1781 647 puer
1830 554 1919 625 de
1970 574 2172 625 muro
2221 562 2332 623 est
2379 552 2725 639 deiectus,
2774 554 2901 625 sed
2950 555 3033 626 de

675 659 946 751 aliquo,
997 659 1194 729 cuius
1248 658 1544 729 leoninis
1579 658 1890 729 moribus
1924 657 2218 749 obsequi
2256 656 2639 741 civitatem,
2678 668 3035 752 postquam

675 783 837 834 eum
874 761 1278 833 adolescere
1331 762 1594 846 siverit,
1634 783 1927 832 necesse
1963 761 2070 832 sit.
2145 762 2249 830 Ac
2286 759 2611 832 dicuntur
2646 761 2823 831 haec
2859 762 3039 855 apud

671 864 1207 959 Aristophanem
1255 866 1326 934 in
1377 864 1833 936 Alcibiadem.
1911 864 2233 935 Ceterum
2282 862 2450 956 quid
2503 863 2595 934 ad
2639 863 2767 935 hos
2804 885 3037 937 versus

674 969 930 1040 faciant
964 991 1145 1061 quae
1181 969 1412 1063 paullo
1449 979 1611 1062 post
1641 967 2208 1061 legunturlonge
2245 967 2378 1038 alia
2416 966 2506 1038 de
2541 988 2618 1038 re
2655 968 2864 1053 dicta,

879 1073 1026 1150 πῶς
1060 1068 1190 1143 οὖν
1225 1097 1332 1149 τις
1366 1072 1456 1142 ἄν
1496 1070 1738 1143 σώσειε
1770 1069 2113 1167 τοιαύτην
2150 1069 2383 1161 πόλιν,

876 1171 923 1268 ᾖ
958 1172 1137 1270 μήτε
1170 1180 1418 1264 χλαῖνα
1452 1172 1632 1270 μήτε
1670 1172 1926 1268 σισύρα
1962 1175 2323 1269 ξυμφέρει,

673 1300 901 1370 neque
953 1300 1088 1371 ego
1132 1277 1341 1349 video
1359 1332 1377 1362 ,
1425 1288 1498 1348 et
1543 1299 1794 1348 vereor
1837 1289 1911 1347 ut
1956 1277 2069 1347 alii
2091 1277 2548 1370 perspiciant.
2625 1277 2843 1348 Affert
2882 1299 3040 1349 vero

673 1382 896 1466 aliud,
945 1383 1060 1453 001
1109 1384 1399 1454 multum
1444 1382 1711 1452 tribuit:
1765 1399 1927 1451 nam
1977 1390 2048 1450 et
2085 1380 2528 1453 Plutarchum
2568 1381 2639 1450 in
2683 1382 2825 1452 vita
2859 1381 3043 1453 Alci-

670 1484 894 1556 biadis
932 1506 991 1555 0.
1031 1488 1147 1555 16.
1179 1493 1252 1555 et
1290 1485 1630 1557 Valerium
1670 1484 2047 1556 Maximum
2085 1484 2341 1555 omisso
2378 1485 2494 1555 illo
2530 1506 2743 1556 versu

880 1589 966 1658 οὐ
1000 1586 1128 1684 χρὴ
1167 1590 1450 1667 λέοντος
1486 1586 1799 1680 σκύμνον
1834 1592 1909 1658 ἐν
1945 1585 2140 1659 πόλει
2174 1588 2485 1682 τρέφειν,
2529 1595 2533 1600 “

515 1719 570 1772 p.
589 1710 652 1757 «ο
671 1692 858 1763 50105
905 1692 1221 1786 posuisse
1269 1693 1525 1763 alteros
1578 1692 1781 1763 duos.
1866 1690 2177 1762 Valerius
2227 1690 2512 1782 quidem
2559 1692 2810 1764 nullius
2845 1691 3045 1784 pretii

561 1811 618 1849 υ-
674 1804 916 1866 auctor
967 1806 1112 1879 est,
1161 1795 1280 1887 qui
1331 1817 1545 1887 quum
1595 1795 1933 1865 Periclem
1993 1794 2360 1865 remissum
2403 1795 2493 1865 ab
2540 1795 2810 1878 inferiS‚
2860 1794 3049 1887 quod

672 1900 936 1969 factum
973 1910 1081 1969 est
1116 1899 1184 1967 in
1221 1897 1582 1991 Eupolidis
1620 1897 1907 1994 Δήμοις
1926 1947 1948 1985 ,
1993 1897 2183 1991 apud
2215 1897 2750 1992 Aristophanem
2786 1898 3046 1970 dixisse

672 2011 909 2072 narrat
941 2025 1076 2072 non
1110 2010 1408 2096 oportere
1443 2001 1517 2072 in
1549 2000 1712 2071 urbe
1745 1999 1990 2071 nutriri
2025 2000 2299 2087 leonem,
2333 2000 2439 2072 sin
2468 2010 2687 2072 autem
2712 2001 2798 2073 sit
2826 2001 3047 2087 alitus,

671 2103 938 2200 obsequi
987 2105 1049 2175 ei
1099 2104 1442 2177 convenire
1461 2159 1478 2193 ,
1532 2128 1622 2176 ne
1672 2104 1840 2176 satis
1886 2115 2153 2176 certum
2189 2104 2472 2196 quidem
2506 2115 2635 2198 pro
2673 2105 3047 2177 omissione

670 2209 872 2302 primi
910 2231 1154 2280 versus
1192 2209 1662 2281 testimonium
1698 2209 2011 2302 praebet,
2050 2209 2234 2302 quia,
2276 2209 2333 2279 si
2372 2209 2852 2280 tantummodo
2889 2232 3051 2281 sen-

673 2313 958 2383 tentiam
1008 2312 1308 2383 reddere
1360 2313 1682 2397 volebat,
1733 2333 1874 2383 non
1928 2333 2102 2404 opus
2155 2324 2304 2382 erat
2356 2324 2430 2383 ut
2473 2314 2779 2383 catulum
2829 2313 3051 2384 leonis

672 2415 1088 2486 nominaret.
1165 2415 1347 2498 Quid
1383 2436 1544 2485 vero
1583 2412 2034 2487 Plutarchus?
2088 2414 2152 2484 Is
2189 2415 2307 2485 ubi
2344 2415 2658 2485 insanam
2672 2415 3052 2486 mollitiem

553 2518 588 2531 ’“
675 2529 747 2588 et
781 2518 1122 2589 luxuriam
1159 2518 1535 2589 Alcibiadis
1572 2516 1963 2610 descripsit,
2004 2518 2100 2589 ita
2134 2518 2394 2611 pergit:
2436 2518 2610 2613 ἅπερ
2644 2518 2951 2613 ὁρῶντες
2987 2522 3055 2589 οἱ

672 2619 805 2713 μὲν
856 2620 1124 2704 ἔνδοξοι
1175 2620 1358 2713 μετὰ
1420 2621 1554 2692 τοῦ
1613 2618 2117 2714 βδελύττεσθαι
2178 2621 2296 2692 καὶ
2358 2620 2821 2716 δυςχεραίνειν
2887 2626 3055 2718 ἐφο-

671 2725 937 2815 βοῦντο
985 2723 1116 2820 τὴν
1168 2724 1538 2820 ὀλιγωρίαν
1585 2726 1811 2796 αὑτοῦ
1862 2724 1978 2794 καὶ
2026 2724 2478 2819 παρανομίαν
2532 2727 2624 2803 ὥς
2666 2725 3057 2848 τυραννικὰ

673 2825 793 2897 καὶ
819 2825 1184 2916 ἀλλόκοτα,
1215 2828 1350 2898 τοῦ
1376 2827 1452 2900 δὲ
1478 2826 1709 2924 δήμου
1734 2827 1822 2898 τὸ
1849 2825 2087 2905 πάθος
2121 2827 2206 2899 τὸ
2244 2827 2419 2923 πρὸς
2455 2827 2676 2900 αυτὸν
2714 2830 2801 2899 οὐ
2829 2830 3059 2905 κακῶς

673 2926 1132 3056 ἐξηγούμενος
1167 2930 1207 3001 ὁ
1231 2929 1757 3026 Ἀριστοφάνης
1782 2932 1976 3001 ταῦτ’
2007 2933 2259 3026 εἴρηκε·
2302 2937 2524 3002 ποθεῖ
2542 2933 2701 3020 μέν,
2734 2931 3058 3028 ἐχθαίρει

672 3034 783 3122 δέ,
821 3031 1150 3125 βούλεται
1185 3035 1252 3103 δ’
1293 3032 1504 3123 ἕχειν;
1559 3033 1663 3104 ἔτι
1709 3032 1782 3104 δὲ
1826 3035 2091 3125 μᾶλλον
2127 3034 2217 3127 τῇ
2254 3033 2556 3126 ὑπονοίᾳ
2590 3035 2870 3124 πιέζων,
2915 3032 3057 3126 μά-

671 3140 874 3207 λιστα
908 3135 1039 3228 μὲν
1075 3139 1328 3208 λέοντα
1360 3136 1460 3234 μὴ
1497 3142 1572 3208 ἐν
1608 3135 1804 3208 πόλει
1837 3139 2149 3231 τρέφειν,
2181 3137 2270 3232 ἢν
2306 3137 2366 3206 δ’
2405 3138 2697 3231 ἐκτρέφῃ
2726 3163 2866 3252 τις,
2900 3143 3057 3214 τοῖς

671 3237 966 3332 τρόποις
999 3241 1396 3336 ὑπηρετεῖν.
1485 3240 1670 3326 Quid
1722 3240 1811 3311 de
1860 3240 1965 3311 his
2011 3242 2446 3311 statuemus?
2516 3240 2696 3311 Num
2731 3240 3056 3312 omisisse

673 3340 1116 3413 Plutarchum
1167 3343 1332 3413 illud
1379 3345 1464 3413 οὐ
1513 3343 1644 3440 χρὴ
1696 3346 1979 3421 λέοντος
2030 3339 2340 3432 σκύμνον
2384 3346 2460 3414 ἑν
2505 3341 2699 3413 πόλει
2730 3346 3051 3438 τρέφειν,

674 3445 835 3538 quia
874 3446 964 3517 de
998 3445 1362 3517 Alcibiade
1398 3468 1540 3517 non
1577 3457 1653 3519 ut
1690 3448 1970 3519 alumno
2007 3444 2286 3516 Periclis
2335 3447 2771 3539 loqueretur,
2823 3468 2918 3517 an
2963 3468 3058 3537 ne

673 3549 1005 3642 scriptum
1043 3548 1326 3640 quidem
1364 3550 1550 3643 apud
1584 3549 2124 3643 Aristophanem
2159 3571 2321 3621 eum
2356 3570 2636 3622 versum
2675 3551 3060 3633 invenisse,

673 3674 765 3722 an
803 3674 1046 3724 omnes
1084 3663 1227 3724 tres
1263 3674 1542 3738 versuS,
1591 3654 1771 3724 sicut
1818 3653 2022 3722 etiam
2061 3653 2131 3722 in
2167 3652 2583 3745 Anthologia
2622 3653 2932 3724 Palatina
2971 3653 3055 3723 X.

680 3760 847 3828 ΜΟ.
891 3769 961 3828 et
1013 3756 1287 3829 duobus
1337 3756 1507 3827 locis
1557 3757 1743 3849 apud
1798 3755 2081 3827 Suidam
2134 3757 2485 3827 coniuncti
2552 3756 2874 3848 leguntur
2929 3779 3063 3850 po-

675 3860 923 3945 suisse,
963 3860 1090 3932 sed
1127 3861 1424 3953 primum
1452 3882 1696 3932 eorum
1735 3882 1776 3930 a
1812 3860 2040 3930 scriba
2069 3860 2287 3931 oculis
2324 3859 2415 3931 ad
2452 3861 2743 3931 alterum
2770 3862 3062 3952 τρέφειν

675 3962 1043 4022 aberrante
1105 3986 1264 4022 6556
1325 3966 1755 4057 neglectum,
1812 3985 1901 4034 an
1954 3963 2256 4055 denique
2320 3963 2495 4033 haec
2556 3961 2864 4052 μάλιστα
2927 3963 3063 4053 μὲν

1351 4066 1462 4139 ἱλει
1523 4068 1806 4162 τρέφειν
1868 4088 2008 4137 000
2058 4067 2542 4160 Aristophanis
2562 4119 2580 4149 ‚
2646 4066 2775 4137 sed
2837 4066 3063 4159 ipsius

1353 4192 1491 4254 sse,
1522 4171 1936 4242 sententiam
1963 4171 2164 4263 primi
2191 4191 2429 4242 versus
2458 4171 2565 4241 his
2597 4170 2833 4240 verbis
2862 4191 3066 4240 com-

1351 4298 1383 4346 s
1448 4296 1587 4346 non
1650 4275 2066 4346 assentiatur
2121 4274 2466 4346 Brunckio
2486 4328 2504 4359 ,
2567 4274 2688 4366 qui
2748 4273 3068 4345 medium

1351 4401 1414 4448 m
1451 4379 1680 4461 eiecit,
1720 4379 1933 4449 falsus
1973 4379 2083 4448 ille
2121 4377 2404 4470 quidem
2441 4377 2800 4459 memoria,
2840 4398 3068 4468 quum

1352 4483 1687 4553 omissum
1722 4481 1919 4564 dixit,
1958 4492 2382 4574 quapropter
2416 4482 2607 4553 visus
2644 4492 2752 4551 est
2800 4481 3071 4572 pariter

1351 4617 1354 4648 ι
1394 4586 1464 4655 10
1502 4585 1719 4656 tribus
1758 4585 2116 4657 codicibus
2171 4585 2433 4656 nullam
2486 4585 2635 4655 eius
2685 4583 3070 4674 vestigium
