3328 5326
1159 346 1630 408 SOPHOCLES.
2471 348 2588 407 ⁴93

253 538 526 635 ἐξανίησι
562 541 963 629 δακέθυμος
1001 538 1162 609 ἄτα.
1227 539 1364 609 Sed
1394 540 1464 607 in
1493 539 1600 608 his
1637 560 1849 630 quum
1886 539 2142 608 bonam
2182 540 2593 632 scripturam

252 642 443 713 ἄλλοτ’
481 642 714 730 ἄλλον,
755 641 946 734 quod
982 641 1071 712 ad
1099 638 1324 736 πόρον
1353 644 1712 725 referatur,
1743 642 2152 712 scholiastes
2182 645 2592 726 servaverit,

252 755 388 838 apte
436 745 682 837 corrigi
735 745 966 815 omnia
1020 755 1311 838 possunt
1356 755 1662 830 remoto,
1718 745 1908 836 quod
1962 746 2051 815 ab
2101 746 2595 838 interpretibus

252 848 570 920 adiectum
607 870 764 918 esse
800 849 923 918 vix
958 847 1258 919 dubitari
1301 860 1528 941 potest
1562 853 1753 943 ἕρπει
1789 847 1949 944 γάρ.
2035 849 2180 918 Nisi
2218 850 2402 918 enim
2440 871 2597 919 mea

251 973 344 1021 me
376 952 540 1022 fallit
574 951 832 1045 opinio,
872 952 971 1021 sic
1010 961 1210 1022 erant
1244 952 1356 1021 illa
1391 953 1480 1022 ab
1519 952 1863 1045 Sophocle
1904 952 2197 1045 scripta:

527 1057 678 1125 οὐδ’
711 1055 789 1131 ὃς
814 1050 1276 1149 θερμοτάταν
1304 1054 1570 1146 αἱμάδα
1598 1056 2018 1151 κηκιομέναν
2048 1057 2291 1126 ἑλκέων

527 1155 840 1254 ἑνθήρου
877 1157 1092 1234 ποδὸς
1125 1156 1398 1253 ἡπίοισι
1436 1156 1723 1250 φύλλοις

532 1256 1044 1348 κατευνάσειεν,
1087 1264 1157 1329 εἴ
1182 1287 1292 1337 τις
1327 1264 1648 1353 ἐμπέσοι,

531 1360 890 1457 φορβάδος
924 1367 995 1433 ἐκ
1031 1362 1104 1432 δὲ
1136 1364 1262 1452 γᾶς
1299 1368 1471 1433 ἑλεῖν

531 1466 752 1536 ἄλλοτ’
796 1466 1002 1536 ἄλλον
1039 1465 1127 1535 ἂν
1162 1464 1306 1535 τότ’
1348 1465 1789 1559 εὐλυόμενος,

533 1577 698 1646 παῖς
736 1567 900 1663 ἄτερ
940 1569 1033 1645 οἷς
1070 1567 1275 1660 φίλας
1309 1564 1518 1665 τιθή-

531 1698 684 1759 νας,
732 1672 903 1741 ὅθεν
942 1669 1251 1766 εὐμάρει’
1294 1672 1517 1768 ὑπάρ-

533 1801 647 1865 χοι
683 1769 935 1868 πόρον,
979 1774 1149 1844 ἁνίκ’
1191 1774 1445 1857 ἐξανεί-

533 1906 574 1974 η
616 1880 1016 1969 ὃακέθυμος
1052 1877 1215 1947 ἄτα.

249 1981 615 2053 Cohaerent
651 1981 825 2050 haec
862 2002 1020 2051 cum
1060 1980 1211 2064 illis,
1253 1983 1378 2051 οὐκ
1413 1982 1586 2070 ἔχων
1611 1981 1850 2073 βάσιν,
1896 1984 2062 2052 οὐδέ
2092 1984 2218 2052 τιν’
2251 1979 2600 2077 ἐγχώρων,

248 2084 363 2157 hac
397 2086 781 2157 sententia:
822 2106 956 2153 ηοπ
990 2081 1237 2153 habene
1270 2084 1619 2154 incedendi
1651 2084 2062 2201 facultatem,
2102 2108 2311 2179 neque
2346 2084 2607 2154 incola-

248 2211 384 2258 rum
420 2209 847 2284 quemquam,
888 2185 1069 2281 apud
1119 2209 1311 2281 quem
1345 2187 1695 2281 infestante
1731 2189 1952 2259 vicina
1987 2188 2325 2282 reciproco
2361 2188 2608 2304 yemitu

247 2294 517 2385 qraviter
567 2290 942 2363 excedentem
1000 2299 1338 2360 cruentam
1373 2313 1825 2385 qanyraenam
1862 2291 2145 2384 defleret,
2182 2314 2305 2361 nec
2343 2292 2456 2384 qui
2491 2315 2608 2362 ca-

248 2393 631 2467 lidissimum
668 2391 1014 2488 sanquinis
1044 2393 1444 2488 profluvium
1481 2393 1737 2466 lenibus
1772 2394 1992 2465 herbis
2028 2394 2297 2490 sopiret,
2337 2393 2398 2464 si
2433 2394 2610 2488 quod

240 2496 575 2584 incideret,
615 2498 767 2582 sed,
809 2504 883 2565 ut
916 2517 998 2566 ew
1032 2494 1304 2567 herbido
1342 2497 1483 2569 loco
1538 2497 1935 2594 decerperet,
1975 2496 2108 2569 abio
2149 2508 2440 2592 tempore
2470 2497 2611 2569 alia

248 2608 372 2675 tum
411 2601 802 2699 provolutus
816 2654 834 2685 ,
884 2597 1086 2670 veluti
1130 2624 1306 2695 pum·
1354 2601 1497 2673 sine
1548 2625 1710 2673 cara
1758 2600 2015 2673 nutrice
2034 2656 2051 2687 ,
2102 2601 2278 2672 unde
2315 2600 2612 2673 levamen

245 2716 395 2777 esset
422 2708 554 2793 via,
596 2728 799 2801 quum
832 2702 1190 2774 remisisset
1224 2705 1522 2776 animum
1558 2706 1953 2776 excrucians
1986 2705 2260 2776 malum.

434 2812 512 2882 V.
549 2811 721 2883 725.
756 2807 1203 2879 scribendum
1241 2808 1465 2897 ὄχθας
1502 2832 1594 2880 ex
1645 2810 1825 2880 Flor.
1863 2814 1957 2894 4.,
2004 2811 2074 2878 in
2112 2832 2252 2901 quo
2289 2818 2399 2880 est
2433 2809 2609 2904 ὑπὲρ

252 2911 480 3001 ὄχθας.
588 2916 787 2999 Quae
851 2912 948 2982 ibi
1013 2921 1426 3003 sequuntur,
1493 2914 1574 2982 ἵν’
1631 2914 1672 2982 ὁ
1729 2910 2107 3002 χάλκασπις
2170 2911 2346 3007 ἀνὴρ
2412 2918 2612 2989 θεοῖς

251 3014 486 3088 πλάθει
535 3019 791 3106 πᾶσιν,
834 3017 903 3085 in
939 3015 1024 3084 iis
1074 3016 1328 3085 frustra
1366 3015 1763 3086 defenditur
1798 3015 2234 3108 perineptum
2274 3015 2441 3086 illud
2478 3035 2610 3083 nec

248 3121 585 3213 strophico
613 3130 837 3191 metro
866 3118 1295 3189 convenIens
1322 3119 1563 3188 πᾶσιν.
1610 3120 1703 3203 Si,
1723 3118 1916 3211 quod
1943 3139 2076 3211 ego
2104 3118 2330 3210 posui,
2360 3115 2604 3205 πάλαι,

248 3242 379 3292 non
409 3247 650 3296 verum
687 3233 818 3307 est,
859 3224 1217 3315 eleganter
1252 3220 1461 3292 scribi
1497 3222 1789 3315 poterit:
1836 3223 1914 3291 ἵν’
1949 3221 1988 3291 ὁ
2017 3219 2397 3311 χάλκασπις
2434 3218 2609 3314 ἀνὴρ

251 3332 430 3405 θεοῖς
462 3326 717 3400 πλάθει
752 3320 949 3404 θεός.
1034 3326 1278 3419 quue
1333 3326 1628 3397 fortasse
1674 3333 1994 3419 spectant
2042 3334 2369 3419 corrupta
2406 3322 2612 3393 scho-

258 3426 480 3502 liastae
515 3432 769 3502 verba:
829 3428 1009 3499 ὅπου
1047 3430 1086 3499 ὁ
1123 3428 1497 3506 ἐκθεωθεὶς
1533 3428 1711 3523 ἀνὴρ
1748 3426 2111 3513 πελάζεται
2144 3428 2345 3498 πᾶσι.

440 3534 514 3604 V.
552 3535 722 3606 733.
756 3532 1205 3604 scribendum
1241 3532 1318 3602 τί
1349 3533 1410 3600 δ’
1452 3531 1672 3615 ἔστινς
1713 3532 1814 3602 sic
1852 3532 2058 3602 etiam
2097 3554 2163 3601 v.
2201 3530 2372 3602 753.

440 3637 591 3710 Non
628 3637 945 3709 adducor
979 3647 1056 3707 ut
1082 3659 1148 3707 v.
1186 3634 1355 3707 734.
1390 3635 1742 3727 vulgatam
1780 3634 2192 3728 scripturam
2228 3634 2554 3727 probem:

540 3746 715 3814 NE.
749 3740 905 3833 μῶν
932 3739 1187 3830 ἄλγος’
1165 3743 1376 3828 ι’σχεις
1400 3739 1526 3834 τῆς
1551 3734 2007 3834 παρεστώσης
2034 3734 2297 3809 νόσου·
2271 3790 2296 3830 ,

550 3845 765 3916 Φ.ῙΛ
801 3844 887 3913 οὐ
914 3842 1055 3939 δῆτ’
1087 3842 1301 3933 ἔγωγ’·
1345 3843 1475 3912 ἀλλ’
1507 3841 1673 3935 ἄρτι
1706 3839 2062 3932 κουφίζειν
2089 3840 2294 3911 δοκῶ.

263 3939 551 4037 Pugnant
583 3946 772 4017 enim
807 3948 958 4039 ipsa
994 3967 1258 4029 secum,
1296 3964 1477 4036 qnae
1512 3944 1932 4015 Philoctetes
1968 3942 2158 4014 dicit.
2241 3941 2610 4012 Praeterea

266 4065 376 4117 eur
404 4051 655 4144 optima
691 4050 1107 4144 optimorum
1144 4049 1471 4119 librorum
1513 4049 1856 4142 scriptura
1894 4050 2069 4137 ἴσχει
2102 4047 2173 4115 in
2212 4047 2422 4135 ἴσχεις
2456 4064 2612 4116 mu-

264 4144 392 4221 tata
423 4155 641 4240 merit,
682 4163 997 4247 apertum
1048 4164 1176 4225 est.
1262 4154 1499 4245 ltaque
1553 4152 1976 4222 Philoctetae
2023 4169 2262 4221 versus
2313 4151 2613 4220 sortasse

274 4251 361 4323 sic
393 4258 835 4351 corrigendus
872 4267 1012 4327 est:
1453 4318 1458 4323 .

552 4363 635 4432 οὐ
675 4362 816 4457 δῆτ’
858 4360 977 4449 ἔτ’,
1021 4359 1172 4429 οὔκ·
1232 4360 1367 4430 ἀλλ’
1407 4358 1573 4454 ἄρτι
1606 4356 1963 4451 κουφίζειν
1999 4355 2205 4427 δοκῶ.

457 4464 576 4534 Ubi
626 4464 1118 4556 Neoptolemus
1173 4484 1266 4532 ex
1316 4460 1699 4533 Philocteta
1750 4460 2134 4554 quaesivit,
2205 4481 2329 4530 cur
2381 4468 2609 4528 tantos

283 4559 546 4638 eiulatus
572 4579 642 4638 et
666 4568 961 4660 gemitus
999 4565 1193 4651 edat,
1223 4567 1323 4636 sic
1352 4562 1445 4635 illi
1481 4565 1660 4636 inter
1687 4586 1767 4635 se
1793 4564 2277 4656 colloquuntur
2302 4586 2364 4632 v.
2398 4560 2443 4630 ’7
2449 4561 2605 4629 53.:

356 4680 525 4746 Eunu.
560 4685 668 4746 ΟΡ.
707 4685 857 4746 VIII.
2147 4682 2202 4743 N
