3328 5326
1226 355 1694 422 SOPHOCLES.
2531 361 2552 418 1
2572 351 2652 419 99

291 553 495 625 modo
557 552 986 624 rfflnovenda
1050 563 1315 635 essent,
1386 572 1571 622 nunc
1636 550 1919 621 demum
1985 549 2147 618 mihi
2203 549 2453 620 videor
2504 569 2662 642 per-

290 658 626 752 spexisse.
705 657 1164 727 Scribendum
1201 667 1403 749 puto:

591 760 770 854 πρὸς
801 762 992 831 θεῶν
1028 763 1192 832 εἴτι
1232 761 1410 850 σε’βει
1449 760 1644 840 ξένον
1681 753 2016 826 πελάσσαι
2680 783 2735 834 p.
2757 774 2816 820 ⁴7

594 862 836 954 εὐνοίᾳ
871 860 1066 956 πάσᾳ
1102 860 1434 949 πελάταν,
1733 929 1735 932 ,

594 967 760 1056 ἄλλᾳ
796 966 1037 1055 γνῶθ’,
1081 960 1157 1036 εὖ
1191 964 1402 1054 γνῶθ’
1445 964 1584 1051 ὅτι,
1631 965 1683 1033 σ’
1727 964 1814 1033 οὐ

593 1070 772 1164 κῆρα
807 1068 1000 1139 τάνιῗ
1046 1065 1493 1158 ἀποφεύγειν.

592 1171 838 1266 οἰκτρὰ
871 1171 1003 1266 γὰρ
1039 1169 1342 1264 βόσκειν,
1388 1169 1605 1266 ἀδαὴς
1641 1171 1703 1239 δ’

596 1277 811 1364 ἴσχειν
846 1274 1107 1369 μυρίον
1145 1274 1396 1363 ἄχθος,
1441 1271 1496 1365 ᾦ
1534 1279 1856 1354 ξυνοικεῖ.

292 1383 542 1473 Σέβειν
595 1389 664 1448 et
719 1382 1050 1469 σεβεσθαι
1104 1378 1314 1447 etiam
1376 1374 1733 1447 infinitivis
1797 1378 1988 1470 iungi
2045 1388 2290 1448 notum
2344 1388 2470 1448 est.
2547 1373 2667 1448 Εὖ

285 1485 492 1574 γνῶθ’
536 1482 650 1552 ὅτι
686 1479 1140 1552 confirmandi
1177 1501 1428 1551 caussa
1464 1481 1534 1549 in
1575 1481 1806 1550 medio
1842 1484 2069 1573 posita
2108 1491 2290 1551 sunt.
2396 1479 2667 1551 Cohae—

285 1598 438 1657 rent
484 1587 673 1655 enim
724 1584 929 1654 haec:
987 1584 1153 1675 ἄλλᾳ
1200 1582 1430 1674 γνῶθί
1480 1584 1531 1654 σ’
1595 1586 1682 1653 οὐ
1730 1584 1908 1679 κῆρα
1957 1580 2153 1654 τάνδ’
2208 1582 2657 1676 ἀποφεύγειν.

276 1690 526 1779 ’Ἰσχειν
564 1691 634 1759 in
671 1689 911 1758 ultimo
948 1710 1159 1758 versu
1198 1698 1305 1758 est
1342 1685 1660 1757 cohibere.
1752 1687 1828 1758 Id
1880 1710 2006 1781 per
2057 1710 2364 1758 errorem
2403 1689 2471 1757 in
2510 1689 2666 1778 qui*-

286 1794 580 1865 busdam
627 1792 817 1861 libris
855 1794 926 1862 in
965 1793 1151 1880 ὀχεῖν
1187 1813 1473 1861 versum
1507 1801 1681 1861 erat.
1773 1790 2109 1884 Opposita
2155 1794 2336 1862 inter
2381 1813 2457 1861 se
2503 1800 2669 1861 sunt

281 1893 553 1989 βόσκειν
592 1905 661 1963 et
701 1899 942 1983 ἴσχειν.
2637 1976 2645 1982 ·

486 1999 642 2068 Non
710 2009 942 2091 potest
1004 1997 1196 2067 credi
1261 1996 1752 2082 Philoctetam,
1822 2000 2140 2089 quamvis
2204 1999 2668 2068 insanientem

284 2103 534 2174 ulceris
573 2101 959 2185 doloribus,
997 2100 1175 2171 haec
1213 2099 1451 2170 dicere
1486 2123 1554 2170 v.
1593 2099 1812 2172 1207.

589 2205 776 2299 κρᾶτ’
820 2204 959 2274 ἄπο
997 2200 1226 2273 πάντα
1263 2203 1378 2273 καὶ
1419 2203 1659 2298 ἄρθρα
1696 2204 1883 2295 τέμω
1920 2203 2095 2299 χερί.

283 2310 449 2394 Quis
487 2310 676 2379 enim
713 2318 935 2378 totum
972 2316 1210 2400 caput,
1253 2307 1453 2398 quasi
1489 2317 1760 2398 partem
1797 2309 2045 2400 capitis
2084 2309 2332 2400 possit,
2373 2308 2505 2378 sihi
2542 2308 2670 2378 ab·

282 2414 596 2484 scindat?
631 2412 798 2504 quin
837 2411 1122 2481 omnino
1157 2420 1368 2504 caput
1403 2411 1562 2502 quis
1598 2411 1730 2480 sibi
1770 2413 2130 2503 amputet?
2168 2411 2361 2504 quod
2396 2434 2486 2481 ne
2525 2431 2666 2503 quo

281 2517 494 2588 modo
540 2515 826 2607 quidem
876 2536 954 2585 se
1003 2514 1416 2585 effecturum
1477 2525 1714 2606 speret
1775 2515 2197 2607 intelligitur.
2308 2514 2386 2585 Id
2450 2515 2667 2586 credo

284 2620 663 2715 Sophocles
699 2620 1108 2712 scripserat:

589 2723 792 2818 χρῶτ’
836 2721 978 2793 ἄπο
1013 2719 1248 2792 πάκντα
1279 2721 1397 2791 καὶ
1435 2721 1679 2816 ἄρθρα
1715 2723 1907 2813 τέμω
1939 2721 2117 2816 χερί.

483 2826 563 2897 V.
603 2824 824 2899 1243.
857 2824 1305 2896 scribendum
1336 2835 1489 2896 erat
1521 2845 1562 2894 e
1592 2824 1761 2895 Cod.
1795 2826 1995 2896 Laur.
2030 2848 2090 2895 e.
2123 2828 2199 2896 ἐν
2227 2825 2299 2897 δὲ
2327 2831 2477 2902 τοῖς
2513 2823 2663 2915 ἐγώ.

486 2930 564 3000 V.
603 2929 823 3003 1247.
858 2930 1166 3000 scribere
1203 2928 1580 2999 debebam:

588 3033 704 3103 καὶ
741 3032 890 3110 πῶς
925 3030 1158 3102 δίκαια
1197 3032 1285 3117 σ’,
1328 3030 1575 3121 ἅλαβες
1609 3035 1896 3121 βουλαῖς
1932 3035 2161 3122 ε’μαῖς,

588 3134 798 3206 πάλιν
835 3139 1163 3227 μεθεῖναι
1198 3133 1469 3226 ταῦτα,

485 3240 562 3310 V.
603 3240 821 3313 1251.
858 3258 1095 3309 errore
1132 3238 1393 3307 veteris
1430 3236 1706 3306 scribae
1735 3233 1964 3329 φόβον
1994 3239 2298 3329 positum
2333 3249 2503 3331 puto
2540 3259 2669 3331 pro

288 3339 613 3439 στρατόν.
694 3342 868 3412 Nam
905 3343 1006 3412 sic
1042 3340 1398 3412 haecdici
1437 3350 1992 3411 consentaneum
2028 3352 2208 3412 erat:

576 3448 738 3518 ΟΔ.
786 3444 1092 3540 στρατὸν
1130 3446 1190 3513 δ’
1227 3445 1536 3532 Ἀχαιῶν
1573 3445 1658 3515 οὐ
1697 3450 1909 3537 φοβεῖ
1936 3441 2278 3538 πράσσων
2313 3440 2518 3540 τάδε,

568 3552 737 3619 ΝΕ.
781 3547 905 3630 ξὺν
938 3548 1037 3639 τῷ
1077 3545 1320 3639 δικαίῳ
1357 3546 1484 3618 τὸν
1523 3547 1650 3618 σὸν
1689 3550 1773 3617 οὐ
1810 3547 2050 3643 ταρβῶ
2090 3544 2426 3643 στρατόν.

284 3653 380 3724 lta
432 3652 802 3744 Euripides
868 3653 939 3722 in
994 3650 1377 3723 Heraclidis
1431 3673 1500 3720 v.
1558 3652 1707 3723 285
1765 3650 1850 3721 τὸ
1909 3649 2035 3721 σὸν
2085 3650 2219 3746 γὰρ
2263 3650 2524 3745 ’Ἁργος
2579 3653 2665 3721 οὕ

284 3757 510 3826 δέδοικ’
551 3753 679 3845 ἐγώ
692 3809 707 3824 .
1115 3765 1120 3769 ’

482 3859 687 3945 Quod
725 3858 816 3929 ad
851 3856 920 3928 'v.
960 3857 1179 3929 1337.
1213 3859 1494 3951 scripsi,
1533 3879 1832 3951 magnae
1868 3860 2339 3953 negligentiae
2388 3859 2668 3951 culpam

284 3960 636 4046 admisisse
668 3962 1105 4055 Sophoclem,
1137 3962 1194 4030 si
1222 3958 1755 4053 Neoptolemum
1784 3961 1899 4030 hic
1928 3962 2213 4032 fecisset
2240 3961 2665 4033 Philoctetae

285 4063 372 4134 de
423 4066 714 4152 Helen0,
767 4077 1120 4156 tamquam
1168 4065 1258 4135 de
1310 4086 1449 4156 quo
1497 4062 1590 4134 illi
1642 4063 1810 4134 nihil
1862 4064 2029 4135 dum
2083 4063 2401 4135 auditum
2450 4078 2667 4153 esset,

284 4179 703 4255 narrantem,
743 4190 958 4261 quum
995 4177 1228 4238 tamen
1267 4167 1549 4253 eadem,
1589 4188 1773 4259 quae
1811 4190 1997 4238 nunc
2036 4169 2279 4253 refert,
2319 4168 2664 4241 Philocte-

286 4279 422 4340 tam
480 4275 612 4344 iam
676 4292 772 4342 ex
833 4272 1155 4342 simulato
1226 4271 1560 4363 nauclero
1624 4274 2048 4364 cognovisse
2112 4273 2262 4366 ipse
2325 4295 2662 4366 praesens

287 4373 618 4447 audiverit
670 4400 738 4447 v.
786 4373 955 4446 604.
1000 4396 1193 4467 seqq.
1253 4396 1338 4445 ea
1391 4376 1813 4467 negligentia
1880 4385 2073 4445 tanta
2141 4389 2284 4461 est,
2340 4388 2416 4447 ut
2470 4377 2659 4446 nullo

286 4487 483 4568 pacto
518 4478 923 4573 imputanda
962 4500 1117 4549 esse
1157 4477 1801 4549 consideratissimo
1840 4490 2089 4572 poetae
2123 4480 2469 4563 videatur,
2503 4478 2656 4563 sed,

291 4581 480 4670 quod’
510 4582 638 4652 iam
677 4593 822 4653 tum
859 4580 1271 4675 significavi,
1311 4584 1405 4653 ita
1441 4582 1658 4652 debet
1690 4582 1864 4652 haec
1894 4584 2132 4654 dicere
2161 4583 2661 4675 Neoptolemus
