3328 5326
1214 369 1639 431 EURIPIDES.
2495 372 2621 433 229

253 557 535 629 Videtur
571 559 1023 651 interpolator
1048 561 1496 651 μαινομένων
1522 562 1867 653 posuisse,
1906 584 2115 654 quum
2155 563 2289 655 legi
2323 562 2513 655 quod
2550 565 2622 633 in

254 663 429 733 male
468 661 709 732 habito
748 661 992 732 codice
1030 663 1360 757 scriptum
1398 666 1622 735 fuerat
1649 686 1794 735 non
1820 675 2080 758 posset.
2140 666 2450 760 Euripidi
2478 689 2619 739 non

247 766 540 836 deerant
592 787 774 857 quae
836 776 1131 859 poneret
1194 768 1325 837 alia
1374 769 1627 852 verba,
1688 779 1764 839 ut
1811 764 2330 864 παραφρόνων,
2393 795 2618 863 παρα-

254 867 522 964 φόρων,
566 866 1019 964 παρακόπων.
1097 869 1517 964 Hesychius:
1571 869 2031 966 παρακόπτει,
2073 872 2427 964 μαίνεται.
2507 874 2617 943 Sic

252 973 312 1040 in
342 972 639 1043 Bacchis
666 996 733 1042 v.
763 975 881 1043 33.
914 971 1314 1065 παράκοποι
1342 977 1618 1069 φρενῶν
1648 984 1719 1044 et
1746 978 1918 1045 998.
1951 975 2333 1068 παρακόπῳ
2360 973 2622 1071 λήματι

251 1075 442 1145 dixit.
496 1073 656 1147 Alio
694 1075 904 1147 modo
941 1076 1197 1169 pedum
1238 1077 1411 1148 iusta
1443 1079 1868 1170 comparatio
1899 1078 2326 1150 restituenda
2353 1104 2408 1148 v.
2445 1082 2613 1150 555.

250 1180 363 1249 ubi
411 1189 730 1272 apertum
777 1190 884 1250 est
936 1202 1143 1271 quam
1210 1202 1351 1251 non
1404 1193 1566 1274 apto
1623 1183 1780 1253 loco
1827 1182 2060 1252 Venus
2114 1181 2444 1252 καλλίστα
2498 1204 2624 1275 ap·-

252 1283 565 1375 pelletur.
624 1283 830 1366 Quod
855 1283 1275 1355 vocabulum
1302 1284 1362 1353 si
1392 1296 1661 1357 erutum
1690 1294 1796 1356 est
1825 1307 1910 1355 ex
1937 1286 2251 1355 obscuris
2288 1285 2621 1377 pristinae

253 1387 635 1479 scripturae
665 1387 992 1478 reliquiis,
1032 1389 1348 1480 proxime
1385 1389 1660 1460 accedit
1687 1399 1877 1459 recte
1906 1391 2199 1459 formata
2227 1411 2392 1473 VOX,
2425 1390 2623 1461 cuius

253 1499 483 1560 tamen
521 1490 712 1559 aliud
749 1491 1146 1583 exemplum
1184 1513 1323 1563 non
1359 1491 1623 1562 habeo:

812 1595 1126 1664 ἀπενέπω
1163 1620 1275 1664 νιν
1313 1595 1698 1691 ἁμετέρων,

816 1695 1093 1792 Κύπρι,
1135 1697 1606 1768 καταυλιστάν
1640 1696 2019 1790 θαλάμων.

451 1798 731 1891 Aliquid
798 1799 1263 1893 ambiguitatis
1329 1801 1589 1871 habent
1652 1802 1830 1872 haec
1879 1825 1948 1872 v.
2000 1803 2169 1872 565.
2219 1801 2302 1874 τό
2362 1830 2437 1873 τε
2486 1802 2618 1896 γὰρ

253 1904 608 1973 αἰδεῖσθαι
647 1901 893 1993 σοφία,
936 1900 1067 1973 τάν
1104 1905 1159 1974 τ’
1191 1902 1752 1986 ἐξαλλάσσουσαν
1782 1905 1916 1994 ἔχει
1941 1902 2148 1999 χάριν
2175 1905 2313 1977 ὑπὸ
2340 1903 2622 1996 γνώμας

251 2006 493 2098 ε’ςορᾶν
541 2004 624 2075 τὸ
673 2007 857 2094 δεόν,
899 2005 1079 2078 ἔνθα
1122 2005 1290 2089 δόξα
1332 2010 1525 2101 φέρει
1562 2010 1755 2085 κλεός
1792 2005 2147 2104 ἀγήρατον
2181 2009 2418 2102 βιοτᾷ,
2460 2009 2621 2100 quia

251 2109 495 2203 ε’ςορᾶν
533 2119 605 2177 et
638 2109 1105 2179 nominativus
1144 2120 1214 2179 et
1252 2111 1691 2182 accusativus
1729 2133 1887 2182 esse
1937 2121 2189 2205 potest.
2278 2111 2348 2180 Si
2396 2112 2623 2182 nomi—

253 2212 544 2295 nativuS,
584 2212 928 2282 sententia
954 2212 1128 2283 haec
1158 2224 1287 2299 est,
1327 2212 1411 2284 τό
1449 2242 1526 2285 τε
1561 2210 1921 2286 αἰδεῖσθαι
1961 2213 2179 2306 σοφία
2213 2213 2389 2303 ἐστι’,
2431 2212 2517 2285 τό
2547 2243 2622 2285 τε

251 2316 494 2409 ε’ςορᾶν
544 2315 628 2384 τὸ
684 2317 839 2386 δέον
891 2315 1025 2404 ἔχει
1074 2315 1207 2386 τάν
1251 2315 1814 2399 ἐξαλλάσσουσαν
1870 2311 2116 2411 χάριν.·
2185 2326 2256 2386 et
2310 2318 2411 2388 sic
2473 2319 2621 2388 fere

255 2416 423 2489 haec
454 2419 1005 2511 accipiebantur:
1040 2420 1146 2489 sin
1177 2422 1637 2504 accusativuS,
1670 2420 1803 2491 hoc
1832 2420 2117 2491 dicitur:
2150 2419 2238 2491 τὰ
2263 2422 2623 2493 αἰδεῖσθαι

255 2522 466 2613 σοφία
517 2524 600 2592 τέ
644 2526 830 2610 ἐστι,
887 2521 1023 2611 ἔχει
1073 2551 1150 2593 τε
1200 2522 1406 2618 χάριν
1454 2523 1587 2594 τάν
1629 2520 2190 2606 ἐξαλλάσσουσαν
2242 2525 2489 2617 ἑςορᾶν
2536 2523 2622 2595 τὸ

255 2625 431 2695 δέον.
494 2626 641 2696 Hoc
677 2646 923 2695 verum
960 2647 1119 2697 esse
1158 2648 1244 2699 eo
1280 2637 1590 2722 apparet,
1630 2628 1821 2721 quod
1858 2628 1975 2721 qui
2010 2626 2184 2697 haec
2224 2627 2621 2713 audiebant,

258 2727 330 2798 iis
366 2751 508 2800 non
543 2740 818 2822 poterat
852 2751 990 2801 non
1039 2730 1123 2801 τὸ
1161 2733 1519 2802 αἰδεῖσθαι
1552 2731 1778 2802 videri
1816 2732 1993 2821 ἔχειν
2031 2758 2129 2819 τι,
2174 2732 2302 2801 etsi
2337 2759 2413 2802 τε
2448 2733 2626 2802 inter

254 2830 331 2902 τὸ
369 2842 439 2902 et
474 2835 833 2903 αἰδεῖσθαι
867 2835 1165 2926 positum
1203 2845 1389 2904 erat:
1449 2836 1645 2906 cuius
1691 2836 1969 2928 generis
2016 2836 2341 2927 exempla
2376 2836 2434 2905 si
2472 2836 2625 2927 quis

258 2936 566 3028 requirit,
614 2935 855 3006 videat
892 2936 1340 3010 Schaeferum
1395 2939 1462 3006 in
1503 2938 1734 3009 indice
1770 2939 2002 3032 poesis
2039 2939 2424 3029 gnomicae;
2513 2940 2623 3008 Sic

260 3037 454 3130 igitur
492 3039 939 3111 ratiocinatur
977 3039 1266 3111 chorus.-
1307 3042 1596 3112 multum
1633 3042 1958 3113 educatio
1988 3041 2079 3111 ad
2107 3041 2423 3112 virtutem
2453 3064 2624 3113 con-

261 3142 412 3212 fert:
459 3165 619 3214 nam
658 3143 1126 3213 verecundum
1173 3165 1327 3214 esse
1377 3141 1518 3237 (qui
1556 3154 1663 3215 est
1700 3146 1963 3218 fructus
2004 3144 2228 3214 bonae
2267 3144 2626 3216 educatio—

259 3245 384 3341 nis)
430 3257 497 3316 et
532 3246 872 3340 sapientia
908 3257 1037 3331 est,
1077 3256 1148 3318 et
1183 3247 1476 3339 gratiam
1513 3247 1725 3318 habet
1759 3247 2066 3318 mutuam
2104 3248 2319 3332 hanc,
2360 3257 2434 3318 ut
2468 3249 2625 3340 quis

262 3350 629 3439 prudenter
698 3349 936 3421 videat
983 3350 1151 3442 quid
1203 3360 1551 3444 oporteat,
1614 3353 1733 3421 ubi
1801 3352 2215 3422 existimatio
2267 3350 2623 3422 hominum

266 3452 527 3524 laudem
555 3475 696 3524 non
725 3464 1212 3524 senescentem
1240 3452 1442 3524 affert
1465 3455 1673 3525 vitae.
1733 3456 1929 3540 Quae
1957 3456 2186 3526 statim
2218 3465 2621 3547 sequuntur,

266 3554 330 3622 in
376 3556 455 3627 iis
504 3557 697 3650 quod
748 3556 1192 3629 Marklandus
1242 3559 1633 3651 proposuit,
1672 3563 1746 3629 ἐν
1794 3556 2092 3653 ἀνδράσι
2130 3560 2194 3629 δ’
2236 3554 2326 3628 αὖ
2362 3554 2625 3649 κόσμος

263 3658 423 3729 ἑνῶν
459 3661 496 3731 ὁ
532 3660 1034 3757 μυριοπληθῆς
1066 3659 1277 3753 μείζω
1315 3656 1517 3732 πόλιν
1557 3663 1775 3752 αὔξει,
1826 3684 1966 3732 non
2025 3673 2132 3733 est
2167 3662 2255 3732 ab
2292 3660 2623 3753 Euripide

268 3763 601 3856 scriptum.
663 3763 1057 3834 Genitivum
1094 3765 1226 3834 sibi
1265 3766 1567 3858 postulat
1602 3765 2126 3863 μυριοπληθής.
2188 3764 2623 3834 Feminarum

266 3864 573 3938 virtutem
612 3868 804 3937 cerni
843 3867 1010 3938 dicit
1047 3868 1392 3961 fugiendis
1430 3868 1878 3940 clandestinis
1918 3867 2271 3940 amoribus
2291 3921 2308 3951 ,
2349 3868 2419 3936 in
2454 3866 2623 3938 viris

266 3977 478 4040 autem
514 3972 769 4042 iustum
803 3971 1089 4043 modum
1126 3972 1642 4043 innumerabilis
1692 3973 2007 4044 laborum
2045 3981 2115 4042 et
2151 3971 2623 4041 molestiarum

266 4075 602 4146 varietatis
654 4093 910 4167 augere
960 4076 1174 4146 robur
1219 4085 1290 4145 et
1337 4076 1718 4169 potentiam
1757 4077 2076 4146 civitatis.
2166 4076 2396 4158 Quare
2450 4075 2624 4145 scri·
2641 4097 2777 4160 μη

268 4172 590 4249 bendum:
664 4181 738 4248 ἐν
790 4175 1089 4272 ἀνδράσι
1138 4179 1196 4248 δ’
1267 4173 1357 4250 αὖ
1422 4177 1689 4271 κόσμος
1750 4179 1974 4250 ὄτλων
2027 4179 2066 4249 ὁ
2125 4178 2625 4275 μυριοπληθὴς

267 4276 459 4363 μείζω
494 4279 697 4352 πόλιν
736 4281 953 4363 αὔξει.

457 4385 649 4468 Quae
686 4405 727 4455 a
764 4408 830 4456 v.
867 4383 1038 4455 575.
1082 4383 1336 4476 scripta
1385 4396 1544 4455 sunt
1578 4386 1899 4456 versibus
1937 4385 2343 4479 GlyconeiS,
2383 4385 2622 4476 quales

271 4482 463 4554 etiam
522 4510 699 4581 quae
763 4486 1194 4581 praecedunt
1247 4488 1579 4581 strophae
1643 4488 1940 4573 habent,
2005 4499 2082 4560 ut
2140 4490 2263 4559 vix
2325 4484 2624 4558 dubitari

277 4590 474 4674 possit
519 4593 804 4683 quinet
848 4593 999 4684 ipsa
1049 4591 1300 4661 fuerint
1353 4593 1847 4685 antistrophica
1871 4646 1887 4676 ,
1951 4593 2363 4686 praesertim
2413 4609 2626 4681 quum
