3328 5326
1296 405 1630 468 HYMNUS.
2514 408 2640 467 349

296 615 588 667 errorem,
635 595 964 688 abreptus
1014 595 1159 667 fuit.
1254 595 1426 666 Nam
1475 594 1645 687 quid
1695 606 1835 680 est,
1883 596 2072 687 quod
2124 596 2192 666 in
2228 595 2367 668 fine
2404 597 2639 690 hymni

294 699 580 792 positum
637 697 989 782 videmuS,
1044 698 1355 789 Νέμεσιν
1405 698 1718 792 ᾄδομενῖ)
1811 697 1889 769 Id
1953 699 2066 770 illo
2136 699 2418 791 quidem
2485 702 2640 772 loco

295 803 587 895 ineptum
624 811 753 887 est,
792 801 1070 893 dicique
1108 800 1411 872 debebat
1446 801 1516 872 in
1551 802 1912 895 principio,
1964 812 2037 875 ut
2075 824 2225 873 mos
2260 815 2367 873 est
2401 825 2641 875 eorum

292 905 400 997 qui
450 905 743 997 hymnos
794 905 1253 998 scripserunt,
1314 926 1525 997 quem
1587 927 1853 976 morem
1900 927 2122 1000 nuper
2172 906 2397 1001 tetigit
2446 907 2514 977 F.
2558 906 2635 977 G.

293 1009 800 1079 Schminuwmus
837 1008 907 1077 in
945 1008 1526 1080 commentatione
1561 1008 1658 1079 de
1692 1010 1869 1080 Laso
1908 1009 2385 1082 Hermionensi
2417 1033 2483 1103 p.
2522 1012 2635 1080 40.

292 1111 491 1183 Porro
528 1111 697 1204 quid
732 1111 864 1182 sibi
900 1113 1047 1182 vult
1094 1120 1255 1181 ante
1310 1110 1489 1182 hanc
1536 1122 1781 1183 cantus
1830 1112 2427 1184 denuntiationem
2476 1112 2639 1185 illud

292 1218 507 1305 ἵλαθι,
548 1214 737 1306 quod
775 1213 1095 1285 finiendis
1132 1215 1405 1307 hymnis
1455 1216 1808 1308 proprium
1862 1217 2018 1286 est?
2098 1216 2413 1287 Profecto
2454 1216 2640 1288 ‘haec

292 1318 376 1387 ita
401 1327 800 1411 comparata
827 1327 1010 1402 sunt,
1032 1326 1105 1389 ut
1132 1318 1253 1388 vix
1280 1318 1577 1389 dubitari
1605 1340 1815 1411 posse
1843 1318 2186 1402 videatur,
2216 1320 2380 1410 quin
2411 1320 2638 1389 scriba

291 1442 519 1494 versus
556 1421 673 1513 qui
706 1421 906 1514 primi
939 1422 1211 1493 fuerant
1247 1422 1312 1490 in
1355 1420 1493 1492 fine
1530 1422 1855 1492 carminis
1878 1419 2352 1514 adscripserit.
2413 1423 2531 1492 His
2572 1422 2639 1491 in

289 1524 504 1595 locum
543 1546 743 1595 suum
781 1525 1110 1596 restitutis
1156 1534 1352 1617 patet
1396 1525 1648 1597 iustum
1697 1525 1975 1619 prodire
2011 1524 2325 1596 ordinem
2361 1535 2641 1594 senten-

287 1627 562 1699 tiarum:
617 1627 745 1699 sed
781 1636 1013 1697 tamen
1061 1626 1191 1698 hac
1229 1629 1606 1699 mutatione
1642 1627 1956 1700 nondum
1991 1628 2239 1698 effecta
2275 1638 2384 1699 est
2419 1630 2637 1698 forma

284 1729 508 1824 hymni
545 1752 727 1823 quae
762 1730 1040 1823 probari
1067 1732 1303 1824 possit.
1364 1730 1546 1800 Nam‘
1571 1741 1691 1802 aut
1717 1730 1926 1803 finem
1956 1731 2192 1824 hymni.
2218 1753 2355 1802 non
2385 1732 2639 1802 iustum

284 1832 633 1920 habemuS,
673 1834 729 1904 si
767 1834 1045 1905 ultimus
1083 1856 1328 1906 versus
1366 1833 1476 1904 hic
1515 1836 1937 1906 acatalectus
1974 1844 2102 1918 est,

787 1938 1060 2028 Na'poecc
1091 1935 1480 2032 πτερόεσσα
1511 1936 1626 2028 βία
1663 1935 1877 2033 ροπά,

283 2048 392 2110 aut
425 2062 568 2111 non
606 2040 862 2111 iustum
899 2039 1287 2125 exordium,
1327 2041 1386 2110 si
1421 2041 1571 2111 eius
1609 2039 1764 2111 finis
1802 2040 1941 2111 hoc
1971 2062 2179 2112 versu
2217 2048 2508 2122 constat,

785 2144 1134 2239 νημερτέα
1161 2144 1280 2213 καὶ
1308 2140 1657 2238 πάρεδρον
1689 2142 1947 2214 Δίκαν.

286 2244 646 2315 Praeterea
697 2267 867 2317 vero
923 2245 1128 2316 etiam
1176 2266 1357 2337 quae
1410 2245 1586 2315 inter
1619 2245 1799 2316 haec
1836 2245 2064 2316 media
2101 2255 2295 2329 sunt,
2348 2244 2480 2314 hoc
2532 2252 2638 2313 est

277 2347 416 2441 ipse
467 2348 806 2441 hymnuS,
858 2371 1069 2441 quum
1115 2370 1208 2419 ex
1250 2349 1554 2442 strophis
1604 2358 1676 2422 et
1722 2349 2162 2441 antistrophis
2212 2348 2634 2441 compositus

277 2451 613 2537 videatur,
654 2472 793 2523 uno
829 2473 1040 2524 versu
1074 2452 1354 2523 brevior
1390 2462 1497 2523 est
1532 2474 1741 2544 quam
1777 2473 1934 2523 esse
1971 2452 2221 2537 debet,
2278 2461 2352 2523 ut
2390 2452 2458 2521 in
2497 2451 2631 2521 hoc

276 2576 549 2647 quoque
600 2555 891 2648 hymno,
945 2555 1123 2627 sicut
1172 2555 1241 2625 in
1296 2556 1551 2650 hymno
1603 2556 1947 2648 Dionysii,
2002 2554 2351 2626 excidisse
2387 2575 2635 2625 versus

276 2657 606 2731 videatur.
693 2658 864 2730 Nam
916 2659 1046 2730 etsi
1096 2658 1189 2731 ad
1236 2659 1649 2732 sententiam
1685 2660 1852 2730 nihil
1892 2658 2366 2744 desideratur,
2405 2671 2633 2729 tamen

277 2762 721 2833 confirmatur
755 2762 932 2833 haec
967 2764 1271 2857 suspicio
1305 2785 1421 2850 e0,
1460 2763 1651 2856 quod
1687 2764 1757 2833 in
1793 2763 1927 2834 hoc
1964 2786 2197 2849 versu,

784 2865 1096 2955 ἔχθουσα
1126 2869 1188 2936 δ’
1219 2867 1425 2960 ὕβριν
1453 2866 1668 2938 ὀλοὰν
1693 2867 1999 2962 βροτῶν,

275 2991 479 3059 quum
518 2990 650 3038 nec
691 2969 1054 3062 productio
1092 2969 1327 3040 brevis
1364 2969 1673 3061 syllabae
1733 2969 1922 3053 ferri,
1973 2989 2204 3060 neque
2254 2967 2429 3038 ordo
2476 2988 2635 3037 ver-
2652 2989 2787 3051 p.4o

274 3071 515 3144 borum
553 3073 800 3144 mutari
836 3072 1087 3165 possit,
1145 3072 1460 3143 facillime
1487 3072 1766 3143 tollitur
1801 3071 2043 3141 vitium
2078 3078 2238 3164 post
2272 3069 2477 3164 ὕβριν
2513 3090 2634 3140 co-

274 3177 448 3267 pula,
485 3197 672 3268 quae
711 3174 967 3248 deinde
1004 3174 1188 3246 aliud
1226 3175 1612 3246 membrum
1640 3173 2028 3246 sententiae
2056 3172 2362 3265 requirit,
2393 3193 2635 3242 exem-

274 3278 360 3370 pli
396 3301 644 3351 causa:

783 3381 1094 3471 ἔχθουσα
1142 3381 1208 3449 δ’
1259 3378 1464 3474 ὕβριν
1499 3382 1554 3450 τ’
1593 3377 1808 3451 ὀλοοὶν
1842 3379 2121 3475 βροτῶν

785 3484 900 3555 καὶ
937 3482 1384 3556 ἀτασθαλίαν
1421 3480 1906 3579 ὑφερήφανον.

273 3587 454 3659 Haec
492 3589 553 3660 si
588 3588 1034 3682 probabiliter
1069 3586 1606 3681 disputavimus,
1660 3585 1998 3678 reliquum
2037 3595 2178 3670 est,
2229 3594 2306 3656 nt
2353 3596 2424 3655 et
2476 3582 2630 3654 finis

273 3690 506 3784 hymni
544 3702 615 3762 et
649 3690 1011 3763 exordium
1049 3701 1209 3785 apte
1247 3687 1770 3761 constituantur.
1826 3687 2057 3782 Atque
2083 3689 2155 3758 in
2183 3687 2322 3757 fine
2349 3687 2630 3779 quidem

273 3795 561 3869 advertit
614 3795 920 3866 animum
966 3797 1325 3889 ἀφαιρεῖς,
1396 3793 1588 3884 quod
1631 3802 1824 3887 patet
1877 3814 2019 3863 non
2065 3801 2256 3862 recte
2307 3790 2632 3882 coniungi

273 3918 427 3970 cum
463 3900 776 3990 Νέμεσιν
814 3898 1101 3990 ᾄδομεν,
1144 3904 1567 3991 quapropter
1603 3898 2004 3967 aBmmcno
2051 3896 2120 3964 in
2157 3895 2451 3988 ἀφαιρεῖ
2478 3915 2633 3965 mu—

274 4010 485 4073 tatum
522 4011 651 4087 est,
691 4011 882 4073 recte
918 4010 1150 4072 autem
1186 4022 1264 4071 se
1301 4000 1586 4085 habere,
1626 4001 1686 4070 ‘si
1720 4000 2050 4070 cohaeret
2077 4019 2237 4069 oum
2266 4000 2468 4068 ἱλαθι
2492 3994 2629 4088 μά-

272 4131 503 4201 καιρα.
547 4106 658 4177 Ex
683 4125 824 4197 quo
851 4104 1321 4196 consequitur,
1343 4125 1589 4176 versus
1615 4104 1832 4196 quiin
1863 4103 2137 4194 vulgata
2164 4100 2632 4192 descriptione

274 4218 430 4280 sunt
457 4213 485 4279 4
510 4212 690 4280 6-4
714 4212 778 4279 8.
814 4208 972 4279 hinc
1009 4217 1312 4277 remotos
1350 4206 1418 4278 in
1457 4207 1792 4301 principio
1830 4205 2155 4276 carminis
2180 4202 2630 4276 collocandos

275 4331 445 4383 esse.
531 4312 736 4397 Quod
782 4312 840 4382 si
887 4311 980 4380 illi
1017 4311 1386 4382 exordium
1419 4321 1579 4382 sunt
1614 4309 1960 4394 carminiS,
1999 4330 2273 4380 rursum
2307 4307 2535 4379 deerit
2564 4306 2630 4375 ei

274 4417 623 4486 catalexis.
706 4416 944 4506 Itaque
982 4434 1067 4483 ea
1104 4423 1222 4484 aut
1257 4412 1604 4485 excidisse
1640 4412 1948 4509 putanda
1993 4413 2159 4498 erit,
2214 4420 2332 4484 aut
2380 4410 2628 4481 eadem

274 4517 483 4590 fuisse
537 4540 691 4591 cum
749 4519 898 4603 illa,
952 4537 1132 4608 quae
1183 4517 1252 4586 in
1303 4515 1440 4586 fine
1477 4518 1800 4590 carminis
1835 4524 1979 4601 est,
2018 4525 2137 4586 aut
2172 4536 2266 4586 ex
2300 4511 2629 4608 partela-

274 4627 417 4693 tere
469 4623 535 4693 in
588 4622 842 4693 ultimis
897 4620 1149 4692 verbis.
1234 4621 1602 4694 Sumamus
1638 4622 1771 4692 hoc
1808 4629 2267 4714 postremum,
2304 4612 2627 4709 quoniam
