3328 5326
1335 378 1724 441 HOMERUS.
2122 391 2126 395 '
2634 380 2656 439 l
2672 380 2707 440 3

715 570 1052 663 κνημῖδας
1086 568 1216 659 μὲν
1252 570 1495 664 πρῶτα
1530 570 1686 664 περὶ
1724 567 2068 664 κνήμῃσιν
2103 570 2335 666 ἔθηκε,

714 668 951 786 καλᾴς,
995 673 1436 767 ἀργυρέοισιν
1472 672 1915 767 ἐπισφυρίοις
1951 673 2318 767 ἀραρυιᾝας

326 773 587 856 Qualia
636 774 753 864 qui
807 775 906 843 sic
957 775 1216 867 sciipta
1264 774 1483 845 dedei
1490 785 1642 859 unt
1709 786 1785 845 ut
1845 776 2099 845 nullam
2151 777 2222 844 in
2271 775 2411 846 fine
2463 779 2709 870 prioris

330 898 583 946 versus
621 877 1245 970 interpunctionem
1284 890 1644 971 ponerent,
1689 901 1825 949 non
1855 890 2293 971 perspectam
2325 878 2713 953 habuerunt

324 989 556 1050 artem
593 981 827 1073 poesis
865 982 1133 1074 epicae.
1189 983 1267 1052 Id
1304 1005 1516 1074 quum
1554 982 1893 1053 sermonis
1924 983 2099 1053 ratio
2126 984 2473 1067 ostendat,
2504 1006 2709 1076 quae,

325 1084 393 1153 si
431 1105 571 1154 non
609 1084 1249 1177 interpungeretur,
1300 1087 1698 1179 praeposito
1749 1086 2095 1157 adiectivo
2129 1086 2340 1163 καλὰς
2375 1086 2713 1182 κνημῖδας

324 1187 475 1257 dici
513 1189 914 1279 postularet,
955 1198 1101 1259 tum
1138 1190 1442 1282 apertius
1480 1192 1613 1260 alia
1648 1191 1973 1283 exempla
2007 1189 2388 1275 declarant,
2421 1201 2495 1299 ut
2516 1190 2706 1261 Iliad.

591 1393 772 1471 Ζεὺς
808 1396 870 1463 δ’
900 1394 1165 1490 Ἐριὸα
1201 1399 1523 1490 προΐαλλε
1556 1395 1740 1475 θοὰς
1775 1395 1888 1466 ἐπὶ
1924 1390 2096 1492 νῆας
2126 1397 2460 1485 Ἀχαιῶν,

595 1498 960 1592 ἀργαλέην,
1003 1499 1335 1587 πολέμοιο
1371 1500 1575 1592 τέρας
1611 1498 1794 1589 μετὰ
1825 1498 2060 1594 χερσὶν
2097 1498 2419 1587 ἔχουσαν.

324 1600 488 1670 Non
525 1600 752 1693 posita
789 1601 973 1669 enim
1011 1601 1568 1694 interpunctione
1605 1598 1905 1694 aliquam
1946 1602 2035 1672 de
2074 1602 2384 1694 pluribus
2422 1624 2709 1694 gravem

322 1703 617 1774 Eridem
671 1704 942 1774 misisse
986 1704 1334 1775 videretur
1382 1706 1719 1799 Iuppiter,
1769 1706 1888 1798 qui
1939 1705 2281 1777 dicendus
2334 1716 2481 1775 erat
2528 1707 2709 1777 hanc

323 1828 513 1899 quae
555 1828 690 1878 una
726 1818 835 1877 est
870 1804 1153 1878 Eridem
1191 1809 1496 1889 misisse,
1554 1831 1843 1900 gravem
1880 1810 2089 1893 illam,
2129 1809 2293 1879 belli
2332 1811 2603 1902 signum
2640 1810 2709 1879 in

332 1910 669 1981 manibus
704 1921 1114 2002 gestantem.
1174 1913 1413 2003 Itaque
1450 1913 1658 1982 etiam
1699 1912 1886 1983 Iliad.
1923 1911 2230 1982 X1.489.
2263 1912 2697 2006 distinguen-

329 2015 502 2085 dum
542 2024 720 2085 erat:

638 2120 833 2194 Αἴας
870 2116 941 2187 δὲ
991 2114 1347 2212 Ίρώεσσιν
1380 2114 1761 2209 ἐπάλμενος
1796 2117 1928 2189 εἷλε
1965 2116 2358 2212 Δόρυκλον,

643 2218 1081 2315 Πριαμίδην,
1124 2218 1350 2291 νόθον
1385 2218 1567 2291 υἱόν.

318 2325 416 2394 Ει
452 2324 555 2394 sic
594 2323 744 2394 aliis
779 2342 921 2392 non
959 2323 1198 2415 paucis
1234 2323 1305 2391 in
1341 2323 1532 2393 locis.
1598 2323 1790 2393 Haec
1827 2323 2059 2393 omnia
2097 2333 2170 2393 ut
2205 2324 2333 2394 soli
2371 2325 2707 2395 auditioni

322 2431 587 2498 factam
625 2448 785 2497 esse
822 2426 1004 2495 illam
1041 2427 1286 2519 poesin
1325 2426 1648 2519 produnt,
1689 2427 1790 2499 sic
1818 2426 2030 2496 etiam
2066 2427 2446 2499 ostendunt
2497 2450 2707 2520 quam

324 2532 536 2602 facile
574 2530 782 2602 fuerit
818 2530 1206 2600 istiusmodi
1242 2530 1552 2599 carmina
1587 2551 1680 2599 ex
1718 2539 2030 2623 tempore
2059 2531 2384 2601 fundere:
2444 2553 2538 2601 ex
2564 2553 2704 2624 quo

320 2644 624 2729 apparet
674 2655 767 2704 ne
812 2655 991 2727 opus
1038 2634 1320 2726 quidem
1360 2633 1573 2705 fuisse
1607 2633 1889 2718 litteriS,
1935 2645 2014 2705 ut
2047 2634 2516 2707 conderentur
2552 2657 2707 2706 car-

322 2741 541 2823 mina,
580 2759 763 2831 quae
801 2748 871 2807 et
906 2738 1238 2807 memoria
1278 2737 1555 2808 retineri
1596 2739 1916 2810 facillime
1951 2760 1993 2808 a
2028 2748 2236 2830 poeta
2264 2750 2570 2832 possent,
2611 2749 2704 2825 et,

322 2844 390 2913 si
426 2842 598 2935 quid
636 2842 1051 2925 excidisset,
1104 2852 1415 2934 paratam
1466 2842 1808 2911 haberent
1859 2841 1951 2911 ad
1987 2842 2450 2934 supplendum
2486 2854 2707 2913 mate-

323 2947 507 3017 riam
547 2945 1060 3039 amplissimam.
1121 2945 1193 3015 Id
1235 2946 1441 3038 longe
1478 2945 1677 3014 aliter
1713 2967 1790 3015 se
1829 2945 2036 3015 habet
2066 2946 2248 3037 apud
2282 2967 2406 3016 eos
2434 2956 2702 3038 poetas,

324 3051 450 3142 qui
490 3050 801 3120 carmina
835 3067 959 3119 sua
997 3049 1256 3140 scripto
1295 3048 1814 3140 consignarunt,
1853 3048 1984 3119 nisi
2022 3049 2078 3118 si
2114 3050 2234 3140 qui
2270 3059 2488 3119 artem
2525 3050 2707 3119 illam

324 3154 619 3224 Homeri
670 3153 1040 3244 diligenter
1090 3161 1250 3222 sunt
1299 3152 1571 3222 imitati:
1656 3152 1727 3222 id
1790 3151 1979 3244 quod
2041 3151 2437 3222 felicissime
2499 3154 2711 3226 cessit

325 3254 593 3341 Quinto
633 3258 1034 3348 Smyrnaeo,
1127 3253 1499 3325 Verissime
1536 3257 1722 3325 enim
1760 3254 2015 3325 Caesar
2061 3256 2153 3325 de
2197 3257 2272 3325 B.
2314 3255 2392 3325 G.
2435 3256 2538 3325 VI.
2588 3255 2704 3326 Η.

327 3361 453 3432 ubi
488 3360 827 3431 Druidum
864 3359 1241 3451 discipulos
1274 3379 1599 3450 magnum
1628 3381 1995 3430 numerum
2023 3380 2351 3430 versuum
2391 3359 2709 3431 ediscere

326 3464 559 3535 iussos
596 3472 854 3546 narrat,
896 3473 1083 3533 utne
1113 3462 1359 3533 litteris
1388 3461 1633 3533 confisi
1661 3463 1887 3533 minus
1917 3463 2291 3534 memoriae
2320 3462 2704 3548 studerent,

328 3569 484 3638 fere
521 3568 875 3660 plerisque
911 3565 1233 3638 accidere
1271 3567 1458 3651 dicit,
1499 3575 1574 3636 ut
1600 3566 1951 3659 praesidio
2000 3567 2378 3638 litterarum
2413 3567 2709 3659 diligen-

332 3671 505 3742 tiam
542 3672 614 3741 in
653 3670 1117 3763 perdiscendo
1156 3691 1240 3740 ac
1276 3670 1684 3740 memoriam
1711 3670 2081 3740 remittant.

543 3774 994 3865 Consequens
1032 3772 1160 3844 fuit
1195 3774 1373 3844 illius
1410 3793 1618 3865 quam
1654 3774 1952 3866 exposui
1988 3774 2295 3854 rationis,
2332 3781 2406 3843 ιιι
2429 3782 2707 3843 veteres

332 3877 431 3946 illi
465 3887 718 3971 poetae
755 3895 1261 3970 saepenumero
1313 3878 1383 3946 in
1435 3877 1685 3947 eadem
1729 3898 1804 3946 re
1844 3877 2093 3947 eadem
2129 3877 2348 3947 verba
2385 3876 2708 3946 eosdem-

335 4003 473 4071 que
526 4003 772 4052 versus
824 3982 1189 4062 iterarent,
1244 3980 1433 4072 quod
1468 3981 1761 4050 vitatum
1799 3991 1905 4050 est
1941 3981 2030 4050 ab
2082 3979 2253 4063 illis,
2292 3980 2411 4070 qui
2448 3981 2706 4073 scripto

336 4085 642 4154 carmina
704 4105 832 4155 sua
891 4085 1397 4176 expoliverunt.
1503 4083 1643 4154 Sed
1706 4084 2146 4154 iterationum
2202 4083 2273 4152 in
2324 4083 2707 4154 Homericis

336 4188 763 4260 carminibus
812 4197 1004 4258 tanta
1051 4197 1121 4256 et
1170 4186 1536 4259 multitudo
1598 4197 1669 4258 et
1730 4188 2034 4258 varietas
2095 4195 2234 4272 est,
2301 4196 2375 4258 ιιι
2429 4207 2566 4257 non
2614 4186 2706 4258 de

340 4292 659 4361 omnibus
706 4290 893 4361 idem
943 4290 1385 4361 statuendum
1434 4290 1767 4362 videatur.
1861 4290 2035 4360 Nam
2081 4311 2292 4381 quum
2343 4300 2414 4360 et
2459 4300 2706 4362 natura

338 4415 472 4465 sua
519 4394 836 4465 differant
884 4395 1064 4464 inter
1114 4415 1193 4463 se
1237 4416 1368 4464 nec
1422 4416 1707 4467 caussas
1753 4395 2060 4464 habeant
2128 4393 2451 4478 easdem,
2529 4394 2705 4463 aliae

341 4518 582 4567 earum
631 4498 1073 4569 necessariae
1119 4507 1315 4581 sunt,
1366 4499 1542 4569 aliae
1580 4517 2176 4591 supervacaneam
2235 4498 2411 4567 aliae
2447 4506 2705 4581 certae,

345 4600 522 4669 aliae
583 4601 924 4685 incertae3
997 4601 1173 4671 aliae
1234 4601 1546 4694 placent,
1611 4602 1791 4672 aliae
1854 4601 2253 4693 displicent3
2328 4600 2475 4670 aliis
2536 4598 2706 4669 nihil
