3328 5326
765 366 893 425 388
1728 363 2235 427 THUCYDIDES.

761 557 830 628 ‚h
849 557 987 628 olia
1035 566 1179 627 Stes
1217 556 1308 627 ad
1345 556 1535 627 Iliad.
1571 557 1646 626 V.
1684 557 1751 628 2.
1786 556 2066 653 ἔκδηλος
2103 557 2203 644 δέ,
2246 554 2361 626 ὅτι
2388 558 2833 628 ε’πεσκοτεῑτο
2860 558 3004 640 ὑπὸ
3032 561 3141 656 τῆς

766 663 1133 749 Αχιλλε’ως
1170 660 1449 755 ἀρετῆς,
1489 660 1533 756 ἢ
1571 661 1687 731 ὅτι
1722 658 1969 756 πρώην
2005 657 2154 755 (sic,
2183 680 2325 729 non
2353 657 2640 757 πρώτην
2668 661 3125 756 scribendum)

766 762 1079 859 ἐγεώργει
1125 762 1257 857 τὴν
1312 761 1625 859 Θρᾴκην.
1713 762 2115 835 Eustathius
2152 786 2218 857 p.
2264 763 2436 848 5⁴2,
2473 767 2590 833 ⁴8.
2623 765 2667 861 ἢ
2704 764 2826 835 καὶ
2862 764 3048 838 διότι
3076 771 3143 839 ε’ν·

765 866 866 956 τῷ
899 864 1270 959 φθάσαντι
1294 865 1523 961 χρόνῳ
1552 865 1684 963 τὴν
1722 865 2008 961 Θρᾴκην
2035 864 2375 960 ἐγεώργει,
2417 866 2508 944 ὥς
2534 894 2722 945 τινες
2745 873 3137 965 ἱστοροῦσι,

763 970 884 1040 καὶ
923 971 1048 1040 οὐκ
1083 966 1170 1066 ἦν
1208 970 1715 1066 ἑμφιλοχωρῶν
1746 971 1849 1061 τῷ
1881 971 2190 1061 πολέμῳ.
2242 1037 2249 1046 .

976 1075 1387 1166 Suspectum
1426 1082 1534 1143 est
1570 1073 1781 1144 etiam
1810 1074 1855 1142 1.
1898 1074 2012 1144 ⁴5.
2047 1073 2355 1143 incertae
2394 1073 2582 1152 sedis
2611 1076 2911 1146 verbum
2939 1071 3138 1173 ἦσαν,

765 1199 905 1270 quo
947 1177 1147 1247 facile
1186 1198 1505 1248 caremus
1536 1177 1613 1246 in
1651 1176 1793 1247 his:
1835 1175 2016 1247 κατὰ
2039 1176 2171 1272 γῆν
2199 1176 2273 1247 δὲ
2306 1174 2636 1269 πόλεμος,
2680 1179 2858 1250 ὅθεν
2896 1206 3016 1257 τις
3041 1181 3139 1250 καί

766 1279 1065 1372 δύναμις
1117 1281 1566 1376 παρεγένετο,
1620 1280 1850 1356 οὐδεὶς
1889 1282 2222 1374 ξυνέστη,
2267 1278 2525 1359 πάντες
2563 1282 2662 1370 δὲ,
2712 1278 2956 1379 [ἦσαν]
3003 1284 3137 1353 ὅσοι

764 1386 879 1455 καὶ
913 1387 1268 1474 ἐγένοντο,
1309 1381 1488 1478 πρὸς
1516 1381 1830 1477 ὁμόρους
1856 1381 2026 1460 τοὺς
2055 1385 2440 1477 σφετέρους
2468 1383 2818 1470 ἑκάστοις.
2881 1387 3137 1469 Eodem

763 1487 975 1558 modo
1010 1487 1285 1581 plurimi
1322 1485 1605 1557 codices
1642 1508 1704 1557 c.
1745 1490 1861 1557 1¹9.
1896 1497 2089 1557 recte
2127 1487 2452 1558 omittunt
2489 1483 2762 1584 ἦρχον,
2825 1490 2993 1585 Cap.
3035 1490 3129 1560 47.

764 1602 997 1663 antem
1049 1590 1263 1661 nolim
1313 1590 1534 1661 omitti
1570 1594 1645 1662 ἐν
1681 1590 1771 1684 τῇ
1814 1588 2116 1686 ᾗπείρῳ,
2173 1611 2355 1683 quae
2408 1593 2617 1663 verba
2667 1591 2989 1687 Kriigero
3038 1617 3134 1665 su-

572 1728 623 1780 p.
644 1719 739 1764 372
763 1705 1006 1789 specta
1058 1703 1253 1765 sunt:
1319 1689 1501 1789 ἦσαν
1558 1694 1631 1765 δὲ
1675 1699 1831 1771 τοῖς
1873 1692 2313 1788 Κορινθίοις
2356 1697 2431 1765 ἐν
2475 1697 2565 1789 τῇ
2605 1696 2871 1792 ἠπείρῳ
2904 1698 3135 1768 πολλοὶ

762 1799 905 1869 τῶν
941 1796 1321 1892 βαρβάρων
1356 1795 2100 1893 παραβεβοηθηκότες.
2149 1802 2218 1865 οἱ
2253 1796 2327 1868 δὲ
2359 1795 2586 1892 ταύτῃ
2626 1799 3017 1896 ῆπειροῖται
3045 1799 3143 1870 ἀεί

762 1928 934 1972 ποτε
969 1904 1218 1978 αὐτοῖς
1255 1900 1451 1994 φίλοι
1485 1899 1692 1971 εἰσίν.
1770 1901 2108 1972 Videntur
2143 1901 2328 1970 enim
2367 1900 2607 1972 addita
2644 1925 2826 1987 esse,
2866 1926 2959 1975 ne
2996 1904 3139 1997 quis

763 2014 1040 2098 putaret
1105 2005 1402 2075 navibus
1461 2004 1793 2076 auxilium
1862 2005 2103 2080 tulisse
2157 2004 2310 2074 illos
2366 2005 2784 2078 continentis
2853 2008 3126 2078 incolas

761 2109 938 2179 Illud
991 2130 1155 2179 vero
1214 2109 1536 2180 lubenter
1591 2108 1982 2179 concedam
2035 2107 2383 2201 KrtigerO,
2441 2131 2500 2179 c.
2553 2109 2673 2193 54,
2727 2110 2793 2180 4.
2843 2111 3133 2207 ἔστησαν

760 2219 1108 2307 τροπαῖον
1155 2212 1507 2283 adiectum
1561 2232 1720 2281 esse
1770 2212 1859 2281 ab
1913 2212 2426 2306 interpretibus.
2511 2212 2704 2283 Idem
2740 2225 2936 2285 recte
2971 2215 3133 2286 iudi-

762 2337 925 2387 care
961 2316 1255 2401 videtur,
1294 2315 1441 2405 καὶ,
1482 2315 1674 2409 quod
1710 2316 1759 2384 l.
1791 2312 1913 2388 72.
1949 2327 2112 2387 ante
2150 2316 2243 2393 ὠς
2267 2314 2589 2409 ᾔσθοντο
2620 2319 2897 2410 legitur,
2928 2318 3128 2389 deleri

762 2420 1058 2490 dehere:
1116 2440 1536 2512 quamquam
1586 2418 1658 2490 id
1710 2440 1854 2489 non
1906 2440 2194 2514 prorsus
2246 2418 2751 2508 abiiciendum,
2807 2422 2939 2493 sed
2989 2433 3132 2492 ante

760 2521 1113 2617 πρότερον
1170 2522 1576 2615 ponendum
1642 2532 1849 2615 puto:
1944 2524 2090 2594 τῶν
2147 2522 2220 2593 δὲ
2274 2522 2690 2619 Ἀθηναίων
2764 2525 2961 2614 ἔτυχε
3016 2526 3129 2620 γάρ

760 2625 1090 2720 πρεσβεία
1132 2625 1249 2695 καὶ
1286 2623 1635 2720 πρότερον
1662 2629 1737 2695 ἐν
1764 2625 1855 2720 τῇ
1894 2624 2388 2718 Λακεδαίμονι
2413 2626 2574 2721 περὶ
2613 2628 2838 2699 ἄλλων
2880 2631 3128 2725 παροῦ·

764 2756 882 2818 σα,
928 2731 1020 2805 ὡς
1055 2729 1379 2822 ᾔσθοντο
1415 2730 1560 2798 τῶν
1596 2727 1850 2819 λόγων,
1900 2729 2130 2813 ἔδοξεν
2167 2731 2414 2807 αὐτοῖς
2441 2734 2837 2828 παριτητεά
2874 2738 2945 2811 ἐς
2977 2732 3125 2810 τούς

761 2832 1381 2923 Λακεδαιμονίους
1417 2829 1625 2902 εἶναι.

970 2936 1111 3006 Sed
1148 2936 1323 3007 haec
1360 2937 1542 3006 levia
1579 2945 1761 3007 sunt.
1820 2936 2033 3008 Multo
2072 2937 2472 3030 insigniora,
2512 2939 2645 3008 nisi
2684 2941 2908 3025 fallor,
2941 2940 3123 3011 addi-

761 3049 1067 3111 tamenta
1104 3041 1371 3111 alienae
1412 3061 1658 3111 manus
1710 3040 2052 3112 habemus
2088 3041 2191 3110 Ill.
2239 3040 2406 3113 404.
2494 3042 2669 3112 Nam
2722 3067 2956 3135 neque
3008 3044 3122 3113 hoc

760 3145 929 3216 satis
981 3145 1268 3237 dignum
1302 3145 1581 3216 videtur
1627 3144 2070 3237 Thucydide,
2124 3145 2315 3237 quod
2369 3145 2460 3215 de
2506 3156 2756 3217 catena
2807 3160 3116 3229 narrat-ur,

760 3270 898 3339 qua
935 3248 1335 3341 Polycrates
1363 3249 1717 3318 Rheneam
1745 3248 1917 3318 Delo
1958 3249 2364 3340 alligaverit,
2411 3251 2625 3320 multo
2654 3251 2883 3322 minus
2913 3261 3115 3323 autem

761 3350 1045 3421 credam
1095 3361 1254 3444 post
1304 3352 1416 3422 illa
1453 3352 1668 3421 verba
1710 3352 1897 3423 aliud
1935 3374 2140 3444 quam
2179 3351 2312 3422 hoc
2351 3352 2684 3446 scriptum
2723 3356 2972 3425 fuisse:
3022 3351 3116 3424 καὶ

761 3453 892 3548 τὴν
939 3455 1400 3549 πεντετηρίὸα
1448 3452 1614 3525 τότε
1660 3455 1948 3549 πρῶτον
1991 3454 2174 3547 μετὰ
2222 3455 2353 3552 τὴν
2403 3454 2765 3552 κάθαρσιν
2802 3459 3115 3554 ἐποίησαν

764 3563 832 3625 οἱ
880 3558 1307 3651 ᾯΙθηναῖοι,
1367 3556 1458 3628 τά
1511 3556 1774 3652 Δήλια.
1831 3555 1919 3654 ἦν
1967 3560 2047 3629 δέ
2089 3584 2260 3629 ποτε
2311 3559 2428 3628 καὶ
2478 3558 2564 3630 τὸ
2612 3559 2830 3631 πάλαι
2882 3559 3114 3653 μεγάλη

761 3657 1050 3742 ξύνοδος
1088 3663 1157 3736 ἐς
1190 3658 1321 3755 τὴν
1358 3659 1603 3756 Δῆλον
1637 3663 1784 3731 τῶν
1816 3660 2072 3733 Ἰώνων
2116 3690 2193 3732 τε
2234 3662 2349 3732 καὶ
2384 3662 2852 3758 περικτιόνων
2890 3690 3110 3761 νησιω-

760 3763 929 3834 τεόν·
975 3762 1098 3845 ξύν
1134 3791 1213 3834 τε
1249 3761 1381 3858 γάρ
1417 3765 1694 3853 γυναιξὶ
1740 3766 1858 3836 καὶ
1895 3764 2142 3836 παισὶν
2191 3762 2579 3858 ἐθεώρουν,
2624 3767 2846 3863 ὥςπερ
2901 3769 3025 3838 νῦν
3061 3769 3110 3840 ἐς

759 3866 850 3937 τά
881 3868 1173 3959 Ἐφέσια
1199 3867 1448 3953 Ἴωνες,
1491 3867 1607 3936 καὶ
1645 3867 1833 3956 ἁγών
1860 3873 2168 3939 ε’ποιεῑτο
2197 3867 2466 3939 αὐτόθι
2501 3869 2620 3940 καὶ
2654 3871 2991 3961 γυμνικὸς
3022 3867 3111 3940 καὶ

758 3970 1127 4060 μουσικός,
1168 3969 1427 4066 χορούς
1455 3997 1541 4041 »τε
1576 3970 1838 4065 ἀνῆγον
1883 3978 1960 4043 αἱ
2009 3967 2270 4050 πόλεις.
2326 3972 2624 4068 ὕστερον
2677 3975 2751 4045 δὲ
2795 3974 2967 4052 τοὺς
3008 3971 3109 4065 μὲν

759 4073 1014 4167 χοροὺς
1055 4080 1122 4144 οἱ
1157 4075 1502 4170 νησιῶται
1537 4070 1656 4144 καὶ
1696 4078 1763 4143 οἱ
1778 4075 2157 4173 Ἀθηναῖοι
2192 4075 2350 4167 μεθ’
2404 4076 2611 4171 ἱερῶν
2660 4077 2996 4170 ἔπεμπον,
3038 4073 3108 4145 τὰ

761 4175 833 4245 δὲ
866 4178 1026 4271 περὶ
1063 4203 1234 4255 τους
1272 4177 1545 4268 ἀγῶνας
1591 4175 1758 4272 [και]
1806 4177 1896 4249 τά
1931 4182 2223 4250 πλεῖστα
2270 4177 2623 4276 κατελύθη
2677 4180 2819 4251 ὑπὸ
2870 4193 3105 4272 ξυμφο-

761 4277 935 4373 ρῶν,
980 4280 1071 4356 (ὃς
1106 4279 1316 4364 εικός,
1351 4307 1523 4376 πριν
1551 4280 1631 4377 δη
1676 4287 1741 4350 οἱ
1771 4282 2162 4378 Αθηναῖοι
2186 4276 2354 4353 τότε
2378 4281 2507 4353 τὸν
2536 4284 2775 4373 ἀγῶνα
2802 4284 3105 4379 εποίησαν

758 4382 876 4452 καὶ
916 4384 1417 4476 ἱπποδρομίας,
1462 4385 1501 4455 ὃ
1539 4381 1891 4481 πρότερον
1929 4387 2056 4457 οὐκ
2090 4381 2204 4483 ἦν.
2307 4385 2484 4457 Nam
2530 4388 2756 4459 omnis
2805 4389 2916 4458 illa
2952 4403 3109 4478 quae

760 4486 867 4556 his
920 4485 1177 4555 inserta
1214 4496 1321 4556 est
1365 4488 1766 4558 certaminis
1804 4490 2047 4560 musici
2102 4489 2509 4584 descriptio,
2570 4491 2970 4562 testimoniis
3016 4490 3102 4556 in-

757 4599 1022 4661 structa
1060 4611 1152 4659 ex
1189 4589 1555 4664 Homerico
1592 4592 1852 4686 hymno
1891 4593 2353 4687 depromptis,
2404 4605 2771 4689 tantopere
2808 4594 3099 4666 abhorret
