3328 5326
1244 382 1757 444 THUCYDIDES.
2559 387 2681 449 383

510 571 826 642 Promam
867 573 1215 665 quaedam
1241 572 1513 660 horum,
1552 596 1737 668 quae
1763 574 2089 660 indicavi,
2123 578 2562 671 maximeque
2591 600 2684 649 ex

295 675 476 745 libro
512 676 757 769 primo
836 677 905 745 ln
945 698 1031 748 eo
1070 676 1529 749 vehementer
1565 679 1958 750 laboratum
1994 689 2102 750 est
2136 700 2290 774 cap.
2338 682 2406 754 2.
2452 683 2522 752 in
2578 682 2684 753 his

299 779 576 850 verbis:
634 777 767 874 τὴν
802 781 974 870 γοῦν
1008 780 1345 878 Ἀττικὴν
1380 785 1451 852 ἐκ
1488 783 1620 854 τοῦ
1658 782 1771 853 ἐπὶ
1808 784 2138 853 πλεῖστον
2175 783 2294 853 διὰ
2325 783 2412 854 τὸ
2438 781 2681 857 λεπτό-

293 908 473 972 γεων
524 880 1009 953 ἀστασίαστον
1060 879 1281 955 οὖσαν
1330 883 1707 980 ἄνθρωποι
1752 885 1981 977 ᾤκουν
2019 891 2088 955 οἱ
2123 884 2339 957 αὐτοί
2373 886 2506 958 ἀεί.
2566 889 2681 959 καὶ

291 983 748 1079 παράδειγμα
798 983 961 1058 τόδε
1010 988 1141 1059 τοῦ
1192 984 1403 1078 λόγου
1453 990 1577 1058 οὐκ
1625 985 1996 1076 ἐλάχιστόν
2046 993 2197 1060 ε’στι
2250 988 2367 1059 διὰ
2401 987 2528 1068 τὰς
2561 1018 2680 1081 με·

296 1089 575 1167 τοικίας
619 1093 689 1166 ἐς
737 1089 830 1160 τὰ
867 1090 1043 1161 ἄλλα
1077 1088 1174 1186 μὴ
1231 1090 1496 1181 ὁμοίως
1541 1118 1627 1161 az
1612 1092 1969 1188 ’ξηθῆναι.
2033 1096 2106 1164 ἐκ
2138 1092 2271 1187 γὰρ
2308 1091 2437 1188 τῆς
2478 1089 2685 1190 ἄλλης

285 1190 623 1269 Ελλάδος
672 1194 951 1285 πολέμῳ
1000 1194 1044 1289 ἢ
1096 1191 1340 1264 στάσει
1390 1192 1841 1272 ἐκπίπτοντες
1905 1194 2063 1290 παρ’
2113 1194 2559 1291 Ἀθηναίους
2616 1201 2686 1267 οἱ

292 1290 790 1367 δυνατωτατοι
829 1296 922 1373 ὠς
956 1297 1245 1387 βέβαιον
1282 1297 1365 1367 ὂν
1402 1294 1830 1392 ἀνεχώρουν,
1863 1297 1980 1368 καὶ
2007 1303 2293 1369 πολῖται
2319 1296 2685 1390 γενόμενοι

294 1399 516 1478 εὐθὺς
553 1398 693 1469 ἀπὸ
730 1400 1037 1469 παλαιοῦ
1073 1399 1285 1490 μείζω
1322 1400 1425 1471 ἔτι
1460 1399 1799 1496 ἐποίησαν
1835 1395 2094 1497 πλήθει
2122 1397 2526 1495 ἀνθρώπων
2553 1428 2684 1498 την

289 1499 532 1574 πόλιν.
593 1502 931 1594 Apertum
967 1513 1098 1588 est,
1138 1503 1246 1574 his
1285 1503 1541 1588 verbiS,
1582 1502 1701 1573 διὰ
1733 1502 1863 1581 τὰς
1897 1502 2260 1595 μετοικίας
2295 1508 2364 1581 ἐς
2391 1502 2483 1574 τὰ
2510 1504 2686 1576 ἄλλα

293 1605 395 1702 μὴ
438 1604 703 1697 ὁμοίως
739 1606 1171 1703 αὐξηθῆναι,
1214 1607 1382 1676 nihil
1419 1606 1606 1678 aliud
1643 1606 2020 1700 significari
2055 1629 2288 1701 posse,
2317 1629 2523 1699 quam
2562 1629 2683 1678 ce-
2701 1632 2873 1693 paee

292 1718 486 1779 teras
523 1719 757 1802 partes
795 1710 1129 1781 Graeciae
1164 1732 1307 1781 non
1345 1731 1569 1803 aeque
1619 1720 1693 1781 ut
1727 1710 2027 1782 Atticam
2074 1732 2201 1804 per
2235 1711 2683 1803 migrationes

291 1813 620 1883 crevisse.
680 1813 782 1883 Ac
822 1823 1014 1883 recte
1051 1835 1220 1884 sane
1255 1814 1437 1885 hanc
1475 1814 1892 1886 sententiam
1931 1815 2408 1899 restituerunt,
2459 1815 2577 1906 qui
2614 1819 2683 1893 ἐς

288 1916 885 2010 praepositionem
912 1916 1347 2002 deleverunt,
1373 1918 1443 1988 in
1463 1918 1717 2009 quibus
1745 1918 1957 1988 etiam
1971 1918 2263 1989 Haasius
2285 1928 2392 1988 est
2418 1941 2484 2012 p.
2508 1922 2534 1987 l
2560 1922 2585 1988 4
2610 1922 2675 1990 5.

287 2019 387 2089 At
442 2020 628 2091 unde
681 2019 867 2091 istud
922 2022 1040 2098 e'g‘?
1095 2021 1245 2091 sine
1302 2043 1441 2114 quo
1495 2042 1655 2092 cum
1705 2021 2106 2114 planissima
2170 2022 2260 2092 sit
2309 2022 2679 2108 sententia,

289 2145 506 2216 quem
544 2123 828 2194 tandem
864 2124 1260 2217 putabimus
1298 2124 1644 2196 adiecisse
1679 2146 1952 2210 vocem,
1993 2126 2190 2197 cuius
2227 2125 2541 2196 accessio
2579 2128 2684 2196 fa·-

292 2237 492 2298 ceret
530 2238 605 2298 ut
638 2249 730 2297 ne
767 2227 1053 2320 intelligi
1100 2227 1385 2320 quidem
1420 2229 1637 2299 verba
1690 2230 2026 2320 possent?
2106 2228 2440 2299 Nimirum
2492 2228 2681 2321 quod

291 2331 582 2402 codices
634 2329 898 2401 habent
950 2330 1067 2401 διὰ
1116 2332 1246 2409 τὰς
1288 2330 1652 2421 μετοικίας
1703 2332 1806 2402 vel
1846 2331 1962 2402 διὰ
1996 2331 2127 2408 τὰς
2163 2329 2518 2421 ἀποικίας,
2563 2342 2682 2423 aut

288 2434 748 2528 explicationi
786 2436 1242 2527 interpretum
1279 2444 1398 2506 aut
1433 2435 1869 2506 librariorum
1905 2435 2122 2505 errori
2160 2434 2480 2520 debetur,
2521 2457 2681 2508 cum

289 2538 740 2631 Thucydides
786 2538 1179 2631 scripsisset
1225 2538 1342 2609 διὰ
1394 2537 1523 2616 τὰς
1574 2536 1874 2617 ἐςοικιάς
1918 2536 2010 2609 τὰ
2057 2537 2227 2609 ἄλλα
2276 2538 2373 2635 μὴ
2417 2538 2681 2630 ὁμοίως

286 2642 730 2740 αὐξηθῆναι,
774 2663 954 2735 quae
991 2642 1334 2736 scriptura
1371 2643 1550 2713 inter
1585 2665 1833 2715 versus
1871 2642 2201 2715 adnotata
2229 2665 2370 2714 non
2408 2653 2515 2714 est
2551 2665 2680 2716 suo

288 2751 455 2818 loco
502 2757 806 2839 recepta.
895 2746 1049 2817 Non
1099 2757 1208 2817 est
1244 2747 1529 2839 quidem
1565 2747 1849 2819 aliunde
1887 2747 2058 2819 illud
2096 2747 2517 2818 vocabulum
2553 2769 2682 2818 no-

289 2862 477 2922 tum:
510 2850 641 2921 sed
669 2850 881 2920 multa
910 2850 1199 2921 novavit
1219 2851 1560 2922 vocabula
1587 2850 2055 2943 ThucydideS‚
2089 2848 2437 2943 (exempla
2462 2873 2681 2943 quae-

291 2955 477 3025 renti
511 2953 878 3047 praebebit
905 2952 1293 3023 Lobeckius
1331 2954 1421 3024 ad
1460 2953 1925 3045 Phrynichum
1959 2976 2025 3046 p.
2063 2956 2194 3024 354
2217 2952 2260 3046 .>
2308 2975 2440 3023 nec
2477 2954 2682 3044 quid·
2721 2958 2733 2970 ‘

293 3080 510 3151 quam
547 3077 839 3129 caussae
875 3067 1016 3141 est,
1056 3078 1202 3140 cur,
1248 3078 1405 3127 cum
1448 3055 1803 3141 ἐςοικίζειν
1840 3066 1911 3126 et
1945 3054 2409 3138 ἑςοικίζεσθαι
2445 3055 2514 3124 in
2555 3078 2680 3127 usu

291 3162 585 3246 fuerint,
641 3160 732 3231 de
781 3160 1031 3251 quibus
1088 3159 1369 3230 videndi
1417 3158 1980 3231 Hemsterhusius
2018 3160 2087 3227 in
2124 3157 2318 3228 Misc.
2351 3158 2535 3228 obss,
2572 3159 2674 3228 VI.

290 3290 359 3359 p.
399 3264 569 3336 346.
603 3275 674 3335 et
710 3262 1206 3336 Valckenarius
1244 3263 1333 3334 ad
1370 3265 1758 3355 fragmenta
1798 3260 2193 3332 Callimachi
2233 3284 2297 3353 p.
2335 3260 2509 3346 270,
2540 3283 2678 3332 non

292 3369 507 3440 etiam
564 3365 824 3445 ἐςοικιά
876 3367 1016 3438 dici
1072 3367 1393 3459 potuerit.
1479 3365 1662 3451 Quin
1715 3374 1793 3438 ut
1825 3363 2124 3443 ἑςοικιάς
2160 3386 2368 3458 quam
2405 3375 2524 3436 aut
2558 3393 2677 3457 με·

288 3471 570 3548 τοικίας
622 3482 740 3543 aut
790 3470 1121 3548 ἀποικίας
1174 3471 1482 3541 scribere
1535 3470 1770 3540 mallet
1820 3469 2300 3562 ThucydideS,
2366 3491 2478 3539 res
2532 3470 2679 3562 ipsa

290 3599 457 3648 eum
508 3573 779 3645 videtur
831 3574 1173 3645 movisse:
1229 3596 1388 3646 nam
1442 3574 1588 3644 istis
1647 3574 1718 3643 in
1772 3573 2131 3644 vocabulis
2178 3572 2677 3665 commigrandi

291 3680 582 3773 quidem
619 3678 810 3749 notio
849 3679 1055 3764 inest,
1085 3700 1226 3749 non
1258 3688 1515 3764 autem,
1548 3676 1614 3748 id
1645 3677 1838 3771 quod
1867 3678 1981 3747 hic
2011 3677 2149 3747 dici
2176 3677 2439 3761 debuit,
2472 3676 2680 3746 etiam

291 3784 625 3874 manendi
665 3782 734 3851 in
771 3803 857 3852 eo
894 3784 1077 3866 loc0‚
1118 3782 1187 3851 in
1224 3804 1431 3874 quem
1470 3782 1623 3873 quis
1664 3804 1743 3852 se
1782 3780 2169 3853 contulerit.

507 3886 576 3956 C
606 3887 725 3959 26.
754 3886 1035 3978 legitur:
1072 3890 1138 3955 οἱ
1166 3885 1240 3956 ὸὲ
1260 3882 1711 4012 Ἐπιδάμνιοι
1740 3884 1940 3955 οὐδὲν
1970 3884 2206 3954 αὐτῶν
2237 3878 2672 3977 υπήκουσαν.

289 3990 469 4063 ἀλλὰ
524 3985 1033 4083 στρατεύουσιν
1083 3990 1181 4059 ἐπ’
1239 4014 1502 4066 αυτους
1553 3994 1619 4058 οἱ
1656 3992 2096 4082 Κερκυραῖοι
2142 4010 2682 4079 τεσσαρακοντα

292 4095 510 4166 ναυσὶ
546 4091 729 4183 μετὰ
762 4092 910 4163 τῶν
950 4088 1281 4184 φυγαόων
1320 4093 1413 4170 ὥς
1439 4088 1890 4178 καταξοντες,
1922 4085 2573 4184 προςκαθεζόμενοι
2609 4090 2683 4161 δὲ

291 4199 427 4295 τὴν
465 4194 674 4268 πόλιν
709 4201 1053 4291 προεῖπον
1085 4193 1563 4286 Επιδαμνίων
1598 4221 1676 4264 τε
1718 4193 1847 4265 τὸν
1883 4189 2320 4285 βουλόμενον
2355 4193 2475 4263 καὶ
2509 4219 2681 4271 τους

295 4304 537 4384 ξένους
590 4299 897 4375 ἀπαθεῖς
944 4298 1254 4368 ἀπιέναι·
1314 4299 1382 4368 εἰ
1426 4297 1498 4368 δὲ
1547 4294 1680 4393 μή,
1725 4298 1816 4374 ὠς
1853 4295 2215 4387 πολεμίοις
2250 4292 2671 4391 χρήσεσθαι.

299 4406 373 4474 In
422 4405 529 4475 his
576 4425 736 4474 cum
790 4423 927 4471 non
981 4402 1208 4471 solum
1252 4401 1592 4471 sermonis
1639 4402 1756 4470 lex
1809 4411 1879 4470 et
1927 4399 2101 4470 ratio
2140 4400 2314 4470 ἀλλὰ
2349 4400 2442 4470 ad
2479 4397 2679 4470 οὐδὲν

301 4509 538 4579 referri
591 4517 662 4576 et
714 4500 1226 4599 στρατεύουσιν
1265 4503 1354 4574 de
1391 4505 1820 4597 Epidamniis
1859 4504 2117 4575 dictum
2157 4524 2314 4574 esse
2353 4503 2674 4595 postulet,

299 4611 849 4700 scholiastesque
878 4629 1120 4678 veram
1149 4607 1789 4698 interpretationem
1818 4607 1933 4677 καὶ
1961 4603 2504 4700 ε’κστρατεύουσι
2526 4604 2672 4673 κατ’
