3328 5326
708 377 730 434 l
744 376 824 437 70
1645 368 2097 434 AESGHYLUS
2107 414 2121 429 .

1165 558 1435 654 χαίρετε
1473 561 1744 651 χύμεῖς·
1801 558 2154 655 προτέραν
2187 560 2251 627 δ’
2291 557 2415 649 ἐμὲ
2447 557 2576 653 χρὴ
2613 607 2624 618 .

1169 663 1464 752 στείχειν
1500 657 1873 753 θαλάμους
1911 660 2418 743 ἀποδείξουσαν
2559 715 2566 722 .

1165 766 1344 862 πρὸς
1381 766 1531 859 φῶς
1567 765 1760 861 ἱερὸν
1793 764 2014 838 τῶνδε
2045 763 2516 859 προπομπῶν.

1172 874 1274 941 ι”τε
1308 869 1425 939 καὶ
1463 867 1784 962 σφαγίων
1803 867 2023 940 τῶνδ’
2063 865 2202 939 ὑπὸ
2240 867 2514 957 σεμνῶν

1171 970 1348 1044 κατὰ
1383 973 1507 1068 γῆς
1545 969 1869 1061 σύμεναι.
2469 1027 2474 1036 .

709 1080 882 1151 Nam
919 1078 1271 1173 προτέραν
1320 1074 1615 1163 στείχειν
1666 1094 1805 1144 non
1839 1073 2202 1166 significat
2236 1073 2607 1167 primorem
2647 1074 2712 1145 in
2749 1075 3093 1146 comitatu

709 1186 810 1256 ire
846 1193 922 1256 ut
956 1181 1235 1265 ducem,
1272 1177 1400 1252 sed
1433 1178 1623 1271 prius
1658 1177 1874 1248 abire.
1934 1177 2154 1256 Porro,
2182 1185 2414 1248 autem
2446 1176 2615 1254 illud
2652 1200 2817 1250 num
2856 1177 3096 1252 credi-

711 1288 849 1359 bile
885 1295 1014 1370 est,
1053 1293 1332 1379 praeter
1366 1283 1929 1370 istassacrorum
1967 1281 2439 1366 administras„
2477 1302 2661 1373 quae
2693 1281 3095 1354 certissime

713 1411 1106 1485 perpaucae
1142 1389 1458 1470 fuerunt,
1496 1384 1788 1456 chorum
1830 1384 2227 1476 quindecim
2262 1384 2641 1470 Furiarum,
2679 1397 2827 1458 tum
2862 1384 3096 1456 Areo-

711 1495 1018 1588 pagitaS‚
1071 1502 1233 1585 post
1293 1489 1423 1560 hos
1475 1498 1710 1560 autem
1768 1509 2020 1580 agmen
2070 1489 2370 1560 virorum
2418 1499 2510 1559 et·
2541 1489 2912 1562 mulierum
2972 1510 3097 1581 per

713 1598 1142 1669 orchestram
1193 1593 1615 1664 incessisse?
1698 1591 1924 1672 Unum
1990 1590 2549 1687 παραχορὴγημα
2601 1593 2870 1684 aliquot
2921 1592 3096 1663 locis

715 1711 1079 1796 poetarum
1107 1704 1723 1781 commemoratum
1758 1695 2076 1768 novimus
2117 1692 2302 1788 (dico
2337 1703 2572 1768 autem
2598 1693 3096 1792 παραχορήγη-

713 1833 839 1897 μα,
869 1815 946 1877 ιιι
972 1803 1381 1878 scholiastes
1408 1797 1915 1891 AristophaniS‚
1944 1797 2229 1870 chorum
2259 1799 2379 1889 qui
2405 1807 2683 1891 praeter
2711 1798 3099 1891 legitimum

716 1909 1007 1982 chorum
1052 1903 1548 1980 introducitur:
1625 1902 1814 1995 apud
1853 1901 2200 1973 Pollucem
2254 1902 2439 1972 enim
2488 1912 2884 1995 permutata
2939 1924 3100 1974 esse

713 2006 1194 2107 παρασκήνιον
1228 2019 1301 2080 et
1326 2003 1889 2102 παραχορήγημα
1917 2005 2190 2076 ostendi
2219 2006 2288 2086 in
2316 2005 2571 2098 Opusc.
2604 2005 2737 2075 VH.
2761 2029 2829 2099 p.
2856 2004 3096 2100 346),

717 2117 827 2186 hic
866 2135 1049 2185 vero.
1071 2111 1606 2186 insolentissime
1643 2108 1785 2182 duo
1821 2109 2047 2193 simul,
2085 2120 2297 2200 atque
2333 2107 2537 2193 adeo,
2577 2109 2636 2180 si
2672 2108 3098 2204 προπομποὶ

717 2218 1009 2291 seorsim
1035 2226 1509 2299 numerantur,
1540 2212 1669 2286 tria
1695 2212 2115 2284 haberemus
2142 2209 2830 2308 παραχορηγήματα,
2855 2233 3101 2286 sacer-

717 2323 920 2394 dotes
955 2341 1136 2414 quae
1174 2319 1407 2392 dictae
1442 2327 1626 2400 sunt,
1662 2314 2157 2408 Areopagitae,
2197 2316 2528 2408 populum
2563 2314 3094 2387 Atheniensem.

720 2423 1192 2498 Portentosius
1220 2423 1425 2493 etiam
1454 2421 1784 2491 Mullerus
1822 2419 1892 2490 in
1930 2417 2320 2512 appendice
2349 2442 2412 2512 p.
2451 2418 2570 2490 27.
2607 2440 2934 2512 pompam
2965 2419 3101 2490 hoc

720 2526 930 2600 modo
982 2525 1375 2598 adornavit:
1434 2521 1844 2605 Minervam,
1885 2521 2382 2616 Areopagitas,
2418 2520 2922 2616 προπομπούς,
2970 2523 3101 2593 Fu-

721 2632 892 2716 riaS,
948 2650 1196 2723 agmen
1246 2649 1407 2703 cum
1458 2627 1727 2699 facibus
1781 2624 2039 2697 hostias
2078 2625 2514 2723 ducentium,
2562 2624 2739 2712 liba,
2791 2635 3102 2720 pateraS,

721 2735 1055 2829 puniceas
1118 2742 1354 2819 vestes
1416 2732 1488 2805 in
1551 2729 1872 2807 manibus
1935 2731 2339 2814 ferentium,
2415 2729 2606 2821 quod
2668 2740 3105 2823 postremum

721 2859 969 2932 agmen
1020 2837 1335 2911 ultimum
1385 2835 1791 2927 tragoediae
1820 2855 2100 2905 carmen
2140 2843 2365 2909 canat.
2452 2833 2717 2909 Licebit
2766 2855 2946 2904 vero
2965 2886 2985 2919 ,
3031 2842 3105 2904 ut

721 2940 1125 3014 mactandas
1161 2939 1472 3035 pecudes
1508 2939 1820 3008 omittam
1858 2936 2101 3032 (equos
2139 2947 2211 3011 et
2238 2959 2451 3009 canes
2477 2936 2807 3009 viderunt
2831 2937 3108 3007 theatra

721 3055 992 3130 nostra3
1061 3043 1437 3117 videantne
1498 3042 1707 3115 etiam
1785 3041 2006 3112 boves
2021 3041 2113 3136 ‘?)‚
2177 3040 2359 3113 hanc
2425 3050 2679 3111 tantam
2741 3040 3102 3113 hominum

722 3149 1229 3223 multitudinem
1290 3147 1479 3219 haud
1542 3145 1989 3217 mediocriter
2051 3143 2384 3217 minuere.
2520 3143 3106 3237 Areopagitarum

721 3249 1306 3347 παοαχορήγημα,
1349 3251 1420 3319 in
1456 3250 1712 3323 iudicio
1748 3247 2056 3341 quidem,
2098 3257 2389 3321 testatus
2435 3260 2541 3317 est
2557 3246 3000 3321 'scholiastes
3037 3247 3103 3316 in

723 3356 881 3427 cod.
931 3353 1113 3425 Med.
1157 3353 1250 3424 ad
1292 3375 1356 3422 v.
1403 3352 1573 3425 542.
1622 3349 1851 3445 (555.)
1902 3360 1978 3421 ιιι
2021 3351 2343 3423 Franzius
2379 3374 2446 3444 p.
2495 3352 2665 3421 343.
2721 3353 2974 3424 refert:
3033 3354 3104 3423 ἐν

722 3454 1246 3553 περιχωρήματι
1276 3457 1467 3546 αυτῷ
1483 3484 1540 3526 ει
1536 3457 1660 3525 ’σιν
1677 3461 1749 3525 οἱ
1764 3455 2223 3547 ἀρεοπαγῖται
2231 3454 2576 3549 μηδαμοῦ
2594 3452 3098 3546 διαλεγόμενοι.

725 3558 801 3630 ld
839 3559 1021 3630 enim
1060 3580 1153 3630 ex
1193 3554 1756 3653 παραχωρήματι
1806 3567 1876 3626 et
1934 3555 2068 3627 hoc
2114 3579 2205 3626 ex
2256 3550 2897 3652 παραχορηγήματι
2947 3578 3105 3628 cor-

570 3685 700 3747 ιι
718 3674 1003 3757 ruptum
1041 3671 1173 3746 est,
1212 3669 1287 3735 ut
1322 3659 1510 3753 apud
1542 3659 1968 3752 Hesychium
2003 3671 2214 3752 atque
2249 3659 2434 3733 alibi
2492 3660 2691 3732 Nun-c
2727 3680 2902 3731 vero
2939 3657 3104 3753 quid

723 3766 1163 3861 Areopagitis
1195 3785 1397 3857 opus
1407 3765 1560 3835 est‘?
1612 3763 1764 3834 Non
1795 3762 1955 3833 dico
1979 3763 2141 3848 hoc,
2180 3762 2369 3856 quod
2397 3763 2714 3837 homines
2751 3763 2968 3851 istosg
2988 3761 3104 3855 qui

724 3871 876 3945 illas
930 3880 1173 3964 partes
1208 3877 1532 3961 egerant,
1580 3888 1944 3941 removere
1993 3889 2035 3938 a
2072 3866 2403 3941 comitatu
2452 3867 2691 3951 velim,
2740 3867 2872 3941 sed
2918 3888 3104 3941 nunc

727 3995 852 4051 eos
902 3973 1305 4067 simpliciter
1358 3972 1666 4065 virorum
1713 3968 2244 4043 Atheniensium
2293 3969 2526 4044 officio
2561 3971 2784 4064 fungi
2808 3993 2937 4064 par
2975 3979 3101 4054 est,

728 4085 805 4146 ut
852 4096 994 4149 non
1045 4076 1513 4169 indigeamus
1528 4073 1682 4149 aliis
1727 4073 1914 4147 viris
1909 4073 2491 4147 Atheniensibus
2584 4074 2748 4147 Νῶε
2783 4076 3103 4168 profecto

731 4179 949 4271 magis
1009 4177 1466 4255 laborandum
1486 4228 1504 4262 ‚
1567 4176 1757 4249 unde
1822 4178 2145 4251 mulieres
2191 4174 2656 4251 Athenienses
2720 4179 3100 4273 capiamus.

730 4280 904 4355 Nam
955 4305 1167 4373 quum
1214 4282 1558 4374 legitimus
1609 4280 1965 4355 Furiarum
2015 4301 2345 4357 numerus
2407 4280 2498 4353 sit
2550 4281 3098 4375 illarumaetrium,

729 4402 1021 4478 quarum
1058 4393 1222 4459 nota
1256 4384 1748 4470 suntnhmina,
1785 4406 1930 4459 non
1949 4383 2413 4461 dubitandum
2438 4382 2750 4468 videtum?
2773 4386 2942 4477 quin
2961 4384 3101 4459 hae

730 4499 1019 4563 tantum»
1059 4498 1368 4563 sacratas
1410 4487 1674 4561 sedes.
1704 4489 2123 4581 acceperint·
2165 4487 2532 4580 cultaeque
2559 4488 2736 4558 faint
2783 4488 3095 4561 Athenis,

727 4592 957 4686 Atque
994 4589 1542 4683 vixeffugisset,
1595 4590 1842 4677 ored0,
1880 4591 2268 4685 Aeschylus
2304 4590 2676 4684 impietatis
2712 4590 3100 4665 accusatio-

2291 4729 2349 4807 Ἴ
