3328 5326
651 369 732 431 70
1631 364 2035 431 PINDARUS.

701 564 744 633 5
800 560 844 656 ἢ
880 561 1102 653 μέγαν
1137 558 1310 631 νόον
1343 559 1507 655 ἤτοι
1543 555 1762 652 φύσιν
1798 555 2225 648 ἀθανάτοις,

801 660 1048 757 καίπερ
1087 660 1481 758 ἐφαμερίαν
1518 663 1647 733 οὐκ
1680 659 1942 740 εἰδότες
1975 661 2139 733 οὐδὲ
2172 660 2358 752 μετὰ
2387 658 2645 737 νύκτας

804 765 991 859 ἄμμι
1013 761 1291 858 πότμος
1312 762 1858 861 ἄν’[σύμφυτος]
1871 766 2128 861 ἔγραψε
2151 766 2447 860 δραμεῖν
2469 761 2636 835 ποτὶ
2665 757 3026 851 στάθμαν.

805 935 1161 1033 τεκμαίρει
1198 936 1315 1008 καὶ
1352 938 1483 1008 νῦν
1507 935 1923 1030 ’Ἀλκιμίδας
1957 935 2042 1007 τὸ
2083 935 2393 1027 συγγενὲς
2429 937 2600 1006 ἰδεῖν
2776 931 2930 1002 ἀντκ
2957 927 3024 1000 οἱ.

806 1039 964 1131 ἄγχι
1000 1036 1487 1136 καρποφόροις
1525 1039 1977 1137 ἀρούραισιν,
2020 1047 2105 1111 αἵ
2132 1040 2185 1110 τ’
2230 1033 2692 1133 ἀμειβόμεναι

657 1147 749 1216 10
806 1139 984 1214 τόκα
1018 1145 1149 1235 μὲν
1188 1134 1284 1214 ὧν
1317 1143 1478 1236 βίον
1515 1134 1857 1239 ἀνδράσιν
1896 1141 2278 1238 ἐπηετανὸν
2315 1147 2387 1213 ἐκ
2420 1138 2675 1212 πεδίων
2712 1136 2993 1225 ἔδοσαν,

807 1243 980 1317 τόκα
1018 1249 1076 1316 δ’
1119 1242 1267 1318 αὖτ’
1310 1245 1896 1338 ἀναπαυσάμεναι
1934 1247 2186 1323 σθένος
2222 1246 2571 1340 ἔμαρψαν.

806 1343 989 1444 ἦλθέ
1014 1376 1132 1421 τοι
1166 1342 1447 1440 Νεμέας
1483 1354 1551 1432 ἐξ
1589 1350 1859 1445 ἐρατῶν
1896 1349 2167 1420 ἀέθλων

808 1457 973 1530 παῖς
1009 1449 1409 1542 ἐναγώνιος,
1456 1453 1534 1530 ὃς
1568 1449 1839 1523 ταύταν
1873 1452 2203 1542 μεθέπων
2241 1443 2515 1521 Διόθεν
2553 1444 2763 1520 αἶσαν

810 1556 940 1627 νῦν
978 1556 1096 1626 ὅτε
1131 1556 1417 1648 πέφαντ’
1460 1557 1585 1625 οὐκ
1621 1553 1891 1649 ἄμορος
1927 1552 2114 1646 ἀμφὶ
2151 1549 2336 1646 πάλᾳ
2371 1554 2774 1643 κυναγέτας,

661 1730 755 1800 15
814 1727 1077 1816 ἴχνεσιν
1108 1729 1183 1796 ἐν
1220 1723 1817 1820 Πραξιδάμαντος
1852 1724 1969 1795 ἑὸν
2005 1719 2187 1794 πόδα
2227 1725 2456 1813 νέμων
2833 1725 2939 1792 ἐπ.
2963 1719 3033 1789 ά.

813 1826 1356 1923 πατροπάτορος
1393 1826 1802 1919 ὁμαιχμίου.

811 1939 1036 2009 κεῖνος
1068 1929 1199 2026 γὰρ
1234 1925 1761 2022 Ὀλυμπιόνικος
1795 1928 1928 2002 ἐών
1960 1930 2340 2007 Αἰακίδαις

814 2036 1014 2131 ἔρνεα
1055 2034 1335 2128 πρῶτος
1371 2031 1724 2129 [ἑῢρρόου]
1762 2034 1871 2104 ἀπ’
1905 2033 2211 2125 Ἀλφεοῦ

813 2139 931 2210 καὶ
965 2132 1291 2215 πεντάκις
1319 2139 1612 2228 Ἰσθμοῖ
1643 2133 2300 2229 στεφανωσάμενος,

661 2245 757 2317 20
817 2241 1062 2334 Νεμέᾳ
1098 2239 1172 2311 δὲ
1204 2246 1413 2336 τρεῖς,
1454 2240 1711 2310 ἔπαυσε
1743 2238 1976 2311 λάθαν

836 2441 896 2523 7)
936 2443 1004 2503 In
1036 2442 1214 2503 libris
1245 2451 1340 2503 est
1368 2432 1573 2502 ὅντιν’
1610 2433 1885 2524 ἔγραψε.
1940 2441 2286 2502 Haeserunt
2316 2444 2379 2503 in
2413 2448 2610 2504 metro
2637 2443 2763 2503 iam
2796 2450 3050 2504 veteres

663 2529 1065 2612 grammatici,
1116 2546 1152 2588 a
1199 2526 1430 2607 quibus
1459 2517 1581 2588 ‘civ'
1615 2525 1899 2588 additum
1931 2525 2204 2588 videtur.
2279 2528 2465 2591 Multo
2497 2527 2909 2590 verisimilius
2953 2537 3055 2590 est

665 2613 970 2678 excidisse
999 2614 1100 2674 hic
1129 2614 1465 2694 epitheton,
1505 2622 1576 2676 ut
1603 2633 1669 2675 v,
1703 2614 1802 2674 18.
1870 2614 2079 2693 Itaque
2110 2614 2347 2677 inserui
2380 2608 2744 2702 σύμφυτος.

842 2702 938 2784 10)
979 2698 1211 2762 Addidi
1258 2692 1360 2774 ἐκ,
1409 2699 1580 2780 quod
1622 2702 1690 2761 in
1734 2701 1955 2761 ceteris
1985 2699 2160 2763 libris
2193 2702 2489 2763 omissum
2522 2700 2816 2781 praebuit
2846 2700 3054 2763 codex

663 2787 1091 2869 Augustanus
1183 2786 1443 2848 Videtur
1496 2784 1802 2847 Pindarus
1856 2786 2278 2865 antiquiorum
2336 2789 2619 2869 exemplo
2680 2780 3057 2871 ἐπηετανὸν

666 2882 957 2956 quattuor
1009 2871 1266 2952 syllabis
1319 2873 1711 2952 pronuntiari
1755 2871 2060 2950 voluisse,
2113 2882 2184 2933 ut
2226 2874 2291 2934 in
2336 2874 2582 2935 Hesiodi
2623 2873 2741 2953 Op.
2787 2874 2940 2935 605.
2990 2884 3055 2935 et

666 2960 985 3024 Homerico
1014 2959 1248 3038 hymno
1278 2959 1556 3020 Mercurii
1586 2977 1643 3017 v.
1682 2959 1828 3018 113.

842 3045 938 3129 14)
979 3045 1329 3126 Legebatur
1353 3045 1465 3106 νῦν
1495 3034 1781 3129 nimam?
1814 3033 1935 3105 οὐκ
1964 3032 2012 3105 ἔτ’
2061 3062 2265 3127 οιρος.
2337 3045 2488 3108 Cod.
2518 3043 2674 3124 Aug.
2706 3034 3052 3124 ἄμμορος.

665 3133 888 3198 Veram
919 3133 1309 3212 scripturam,
1341 3132 1454 3193 νῦν
1485 3123 1597 3192 ὅτε
1626 3121 1913 3216 πέφαντ’
1946 3149 1982 3191 ο
2031 3152 2067 3192 κ
2090 3119 2367 3213 ὅμορος,
2397 3133 2763 3193 monstravit
2784 3132 2953 3194 Med.
2979 3136 3051 3193 B.

666 3221 731 3281 in
776 3238 900 3299 quo
943 3217 1056 3278 νῦν
1099 3237 1171 3279 τε
1215 3207 1499 3303 πέφαντ’
1546 3226 1659 3278 est.
1767 3219 1855 3278 De
1899 3217 2016 3279 ista
2069 3216 2371 3278 locutione
2418 3217 2547 3279 dixi
2595 3215 2674 3279 ad
2722 3218 3057 3298 Sophoclis

665 3302 916 3366 Aiacem
946 3321 1011 3362 v.
1049 3302 1197 3363 789.
1235 3303 1484 3365 Plautus
1515 3301 1678 3364 Rud.
1715 3303 1815 3362 III.
1854 3303 1916 3378 3,
1959 3306 2017 3362 1.

979 3405 1142 3448 nunc
1173 3389 1236 3449 id
1266 3396 1371 3466 est,
1412 3406 1595 3468 quum
1624 3390 1889 3449 omnium
1920 3388 2235 3468 copiarum
2265 3396 2439 3469 atque
2468 3406 2649 3469 opum

979 3474 1207 3550 auoeili,
1237 3474 1536 3554 praesidi,
1576 3474 1848 3535 viduitas
1877 3491 1988 3534 nos
2020 3481 2192 3536 tenet.

666 3547 975 3641 Ἅμορος,
1014 3560 1219 3704 {agrius
1248 3577 1433 3637 quam
1468 3548 1772 3641 ἄμμορος
1799 3566 1862 3619 et
1892 3547 2207 3643 ἄμοιρος,
2243 3569 2444 3621 exstat
2472 3559 2645 3638 apud
2676 3561 3057 3640 Sophoclem

670 3644 942 3812 Oedffi)
975 3647 1155 3792 {ibri
1197 3720 1557 3808 ὁμαιμίου,
1611 3729 1804 3790 forma
1854 3730 2124 3810 insolita,
2178 3733 2486 3793 sententia
2527 3713 2882 3812 perinep‘ta.
2986 3734 3064 3797 Id

670 3818 885 3898 scripsi
918 3806 1308 3897 ὃμαιχμίου,
1341 3814 1589 3876 »iisdem
1622 3816 2170 3878 exercitationibus
2202 3816 2447 3879 dediti«.

848 3903 943 3985 18)
987 3903 1167 3964 Posui
1220 3893 1493 3987 ἐῢρρόου
1540 3900 1619 3962 ad
1663 3900 2086 3981 supplendum
2131 3921 2401 3964 versum.
2481 3903 2660 3976 Quod
2701 3905 3066 3969 Boeckhius

673 3989 1033 4068 coniecerat,
1075 3979 1341 4062 ἐλαίας,
1375 3996 1485 4050 aut
1513 3987 1680 4066 quod
1711 3988 2042 4066 KayseruS,
2082 3981 2375 4070 ἑνεγκῶν,
2409 4007 2522 4052 cur
2549 4008 2673 4050 non
2706 3991 2787 4052 sit
2817 3990 3068 4054 admit—

674 4073 955 4154 tendum,
995 4093 1075 4135 ex
1103 4076 1180 4136 iis
1212 4092 1375 4155 quae
1403 4074 1575 4135 initio
1606 4072 1736 4134 dixi
1764 4073 2153 4154 intelligetur.

847 4159 948 4240 20)
988 4160 1334 4241 Legebatur
1370 4152 1600 4242 Νεμέᾳ
1643 4152 1720 4220 δὲ
1758 4150 1929 4241 τρίς,
1979 4179 2138 4240 quae
2184 4159 2376 4221 verba
2419 4179 2532 4240 pro
2576 4162 2818 4241 integro
2856 4184 3068 4229 versu

673 4243 1089 4324 habebantur,
1126 4266 1249 4308 non
1282 4244 1739 4325 refragantibus
1771 4244 2024 4324 quidem
2057 4246 2311 4326 reliquis
2344 4245 2581 4327 epodiS.
2659 4247 2801 4309 Veri
2833 4258 3066 4314 tamen

674 4329 940 4392 similius
981 4330 1309 4394 videbatur
1362 4333 1545 4394 etiam
1606 4349 1768 4411 quae
1827 4343 2176 4412 sequuntur
2220 4331 2439 4406 verba,
2492 4324 2744 4395 ἔπαυσε
2789 4328 3063 4415 λάθαν,

671 4416 817 4480 huic
844 4417 1055 4478 versui
1087 4435 1223 4478 esse
1254 4416 1675 4522 adiungsenda.
1759 4417 1961 4489 Quare
1992 4417 2172 4502 τρεῖς
2202 4418 2455 4496 scripsi,
2496 4418 2560 4478 h.
2590 4438 2644 4480 e.
2678 4410 2889 4494 νίκας.
2968 4426 3066 4487 Ita

670 4504 921 4584 Olymp.
951 4504 1076 4564 VII.
1118 4504 1263 4564 ⁴42.
1299 4505 1431 4566 τῶν
1462 4493 1707 4565 ἄνθεσι
1736 4495 2078 4584 Διαγόρας
2110 4497 2616 4590 ἐστεφανώσατο
2652 4496 2780 4580 δίς,
2818 4503 3074 4597 κλεινᾷ

667 4581 726 4651 τ’
759 4585 827 4654 ἐν
849 4585 1110 4673 Ἰσθμῷ
1139 4587 1437 4672 τετράκις
1467 4580 1810 4669 εὐτυχέων,
1845 4587 2076 4674 Νεμέᾳ
2103 4580 2156 4649 τ’
2191 4579 2398 4650 ἄλλαν
2431 4580 2534 4651 ἐπ’
2569 4579 2761 4675 ὄῖλλᾳ.
