3328 5326
1051 361 1070 372 χ
1168 365 1642 430 SOPHOCLES:
2448 383 2453 390 ·
2473 366 2594 426 ⁴89

254 571 378 632 tum
420 569 556 642 est,
605 558 949 632 eiusmodi
995 558 1165 652 quid
1213 559 1345 630 illis
1383 559 1624 629 verbis
1661 558 2124 651 significatum
2174 579 2367 641 esse,
2405 556 2594 650 quod

255 684 546 733 caussam
596 662 1017 749 contineret,
1055 663 1148 732 ob
1194 684 1408 754 quam
1441 662 1757 734 acerbior
1793 671 1981 732 esset
2015 661 2218 734 huius
2255 659 2371 732 filii
2408 681 2594 732 mors

253 766 520 837 Nestori.
605 765 1255 837 Animadverteram
1306 766 1475 849 hoc,
1515 765 1676 850 scd,
1715 788 1931 858 quum
1976 785 2187 857 quam
2240 764 2593 835 minimum

249 870 326 939 ab
360 870 634 961 antiqua
672 870 1012 963 scriptura
1051 867 1385 941 recedere
1414 869 1690 952 vellem,
1721 890 1860 939 non
1896 868 2096 962 posui
2133 888 2290 939 eam
2319 888 2592 951 vocem,

252 994 435 1064 quam
462 980 515 1043 a'
532 984 739 1068 poeta
767 975 1152 1066 profectam
1181 994 1339 1043 esse
1366 972 1741 1043 verisimile
1768 973 1875 1042 sit.
1923 972 2120 1043 Nunc
2149 970 2596 1043 scribendum
2692 959 2700 966 ’

252 1086 396 1169 puto
446 1076 653 1170 ὅςπερ
689 1071 778 1172 ἦν
811 1078 1062 1166 μέλων.
1164 1076 1370 1160 Nam,
1409 1085 1484 1146 ut
1519 1076 1702 1160 seni,
1747 1096 1924 1169 opus
1972 1084 2122 1146 erat
2158 1073 2430 1145 Nestori
2481 1071 2599 1168 qui

250 1180 381 1250 eius
430 1200 667 1250 curam
718 1191 994 1272 gereret
1040 1189 1647 1274 propugnaretque
1699 1201 1822 1271 pro
1874 1199 1960 1250 eo
2010 1178 2079 1248 in
2132 1177 2426 1272 proeliis.
2521 1175 2597 1246 Id

251 1293 460 1353 autem
486 1277 870 1362 *Antilocho
908 1283 1342 1376 potissimum
1379 1282 1877 1365 conveniebat,
1916 1281 2034 1374 qui
2070 1291 2140 1352 et
2178 1291 2342 1351 natu
2379 1279 2599 1350 maior

251 1396 309 1455 et
343 1385 573 1458 fortior
611 1389 820 1456 fratre
859 1385 1329 1480 Thrasymede
1365 1396 1535 1456 erat.
1620 1386 2074 1477 Testatusque
2119 1393 2225 1455 est
2271 1383 2599 1477 pietatem

251 1511 428 1560 suam
465 1490 614 1583 ipsa
650 1501 898 1574 morte,
936 1513 1149 1583 quum
1175 1488 1565 1561 defendens
1595 1499 1863 1582 patrem
1892 1488 1961 1557 in
1991 1509 2219 1582 pugna
2247 1487 2592 1559 occubuit.

436 1591 511 1662 V.
559 1592 728 1666 426.
779 1615 918 1665 non
957 1593 1385 1667 intercedam
1433 1613 1522 1663 ne
1560 1589 1660 1662 δύ’
1704 1588 1794 1662 αὖ
1830 1587 2024 1662 τόνδ’
2064 1593 2393 1674 ἐξέδειξας
2427 1590 2599 1659 scri·
2618 1602 2717 1664 μ’]

255 1696 465 1781 batur,
504 1698 717 1768 modo
756 1719 844 1767 ne
880 1697 1397 1768 vitiosissimum
1444 1717 1603 1766 esse
1651 1705 2022 1766 censeatur
2067 1693 2256 1786 quod
2304 1693 2372 1762 in
2410 1693 2598 1762 libris

257 1810 378 1883 est,
415 1795 508 1869 δύ’
566 1801 794 1878 αὔτως
837 1799 993 1871 δείν’
1045 1799 1287 1882 ἔλεξας.
1380 1796 1560 1869 Nam
1610 1798 1839 1876 αὕτως
1888 1809 2080 1868 recte
2131 1798 2231 1868 sic
2286 1793 2599 1890 usurpari

256 1902 611 1974 ostendunt
637 1903 812 1973 haec
843 1903 1030 1973 Iliad.
1064 1903 1300 1988 XXIII,
1332 1905 1504 1974 268.
1535 1902 1623 1972 de
1662 1902 1918 1986 lebete,
1953 1900 2193 1974 λευκὸν
2221 1900 2305 1969 ἔτ’
2340 1899 2596 1986 αὔτως,

257 2018 314 2074 et
375 2007 728 2099 Sophoclis
799 2007 866 2076 in
915 2006 1086 2076 Oed.
1142 2005 1217 2075 R.
1279 2007 1451 2077 934.
1509 2006 1737 2081 αὕτως
1788 2005 1859 2075 δὲ
1921 2004 2035 2074 καὶ
2092 2002 2178 2074 σύ
2229 2002 2282 2091 γ’
2348 1999 2603 2095 (ὄλβιος

256 2109 519 2204 γένοιο).

443 2213 856 2282 Philoctetes
895 2235 1107 2303 quum
1143 2232 1348 2282 orans
1380 2211 1906 2303 Neoptolemum
1943 2218 2015 2280 ut
2059 2230 2135 2278 se
2160 2206 2447 2277 domum
2476 2205 2604 2275 de-

262 2315 448 2386 ducat
483 2340 547 2386 v,
586 2315 755 2387 475.
788 2316 985 2387 dicit:

1437 2423 1626 2487 τοῖσι
1659 2414 2046 2505 γενναιόισί
2078 2440 2188 2484 τοι

542 2521 629 2592 τό
658 2525 712 2591 τ’
746 2521 1039 2616 αἰσχρὸν
1065 2515 1353 2616 ἐχθρόν,
1396 2519 1511 2590 καὶ
1550 2521 1633 2589 τὸ
1672 2520 1978 2613 χρηστὸν
2010 2518 2292 2602 εὐκλεές,
2479 2582 2487 2591 ,

265 2635 445 2716 patet,
488 2636 561 2697 ut
600 2624 892 2719 αἰσχρὸν
930 2634 1001 2696 et
1036 2623 1344 2725 χρηστὸν
1380 2623 1641 2717 opponi
1690 2623 1867 2694 inter
1919 2643 1996 2693 se
2043 2619 2427 2715 potuerint,
2467 2639 2606 2689 non

264 2739 428 2800 recte
477 2740 708 2800 tamen
762 2729 1079 2822 opposita
1129 2749 1286 2798 esse
1333 2727 1594 2821 ἐχθρὸν
1647 2738 1720 2795 et
1755 2726 2032 2803 εὐκλεές.
2122 2724 2447 2817 Speciosa
2503 2730 2610 2791 est

266 2830 534 2903 Dobraei
601 2832 1039 2915 coniectura,
1107 2831 1376 2923 εὐχερές
1425 2851 1552 2922 pro
1602 2830 1859 2906 εὐκλεές
1916 2826 2361 2898 scribendum
2425 2846 2603 2895 esse.

267 2933 491 3006 Verum
543 2947 774 3007 tamen
822 2957 911 3004 ne
961 2936 1060 3005 sic
1114 2934 1398 3026 quidem
1449 2954 1629 3025 quae
1683 2954 1774 3001 ex
1825 2932 2009 3001 omni
2065 2941 2259 3023 parte
2306 2930 2483 2999 iusta
2522 2927 2609 2998 sit

265 3036 588 3110 distinctio
617 3038 1015 3111 restituitur.
1092 3037 1562 3128 Exspectatur
1603 3035 1787 3104 enim
1817 3033 2112 3125 εὐφιλές.
2165 3031 2368 3116 Quod
2397 3053 2608 3123 quum

268 3142 430 3211 nulla
475 3165 632 3215 cum
685 3141 1169 3236 probabilitate
1221 3140 1463 3231 reponi
1518 3138 1767 3230 possit,
1823 3136 2358 3206 adsciscendum
2420 3145 2605 3226 pum,

266 3246 439 3332 quod
475 3247 541 3316 in
577 3246 1026 3317 adnotatione
1065 3244 1285 3337 posui,

1445 3349 1628 3414 τοῖσι
1668 3340 2054 3432 γενναιόισί
2087 3367 2196 3411 τοι

548 3451 631 3523 τό
668 3455 722 3523 τ’
763 3450 1025 3543 ἐχθρὸν
1063 3447 1383 3543 αἰσχρόν,
1416 3446 1531 3517 καὶ
1567 3447 1650 3517 τὸ
1680 3445 1985 3542 χρηστὸν
2013 3446 2294 3520 εὐκλεές.

266 3552 447 3632 Quae
481 3566 548 3625 et
585 3555 907 3626 facillima
944 3563 1051 3623 est
1087 3553 1461 3635 correctio,
1517 3549 1924 3643 praesertim
1961 3570 2174 3640 quum
2214 3545 2503 3639 αἰσχρὸν
2541 3555 2611 3614 et

264 3656 504 3750 ἐχθρὸν
539 3659 944 3753 saepissime
983 3679 1024 3727 a
1060 3657 1306 3727 scribis
1345 3665 1733 3749 permutata
1768 3654 1936 3735 sint,
1978 3661 2047 3721 et
2085 3647 2612 3721 commendatur

269 3776 368 3841 00,
405 3764 584 3851 quod
622 3763 801 3833 hanc
839 3760 1254 3832 sententiam
1292 3759 1603 3830 declarat
1639 3758 2055 3828 Philoctetes
2098 3754 2214 3834 iis,
2254 3772 2430 3844 quae
2470 3760 2613 3820 sta-

270 3860 378 3930 tim
405 3865 711 3937 subiicit:
1680 3896 1684 3903 ·

557 3973 668 4041 σοὶ
705 3972 800 4057 δ’,
841 3964 1193 4040 ἐκλιπόντι
1228 3965 1448 4051 τοῦτ’,
1493 3965 1758 4040 ὄνειδος
1794 3964 1879 4032 οὐ
1914 3957 2152 4031 καλόν·

555 4071 890 4167 δράσαντι
929 4073 1024 4159 δ’,
1069 4066 1124 4141 ὦ
1154 4075 1309 4156 παῖ,
1351 4071 1674 4138 πλεῖστον
1710 4064 2010 4140 εὐκλείας
2043 4064 2273 4155 γέρας,

556 4178 676 4247 ἐὰν
710 4173 905 4267 μόλω
938 4173 1055 4263 ’rai
1093 4175 1227 4257 ζῶν
1263 4169 1438 4266 πρὸς
1482 4169 1784 4240 Οἰταίαν
1821 4163 2077 4257 χθόνα.

465 4277 544 4349 ln,
570 4280 815 4351 eadem
853 4277 1165 4349 oratione
1202 4297 1269 4346 v.
1307 4274 1475 4345 486.
1510 4273 1687 4344 haec
1726 4271 1891 4342 dicit
1928 4269 2370 4340 Philoctetes:

1278 4376 1446 4448 ἀλλὰ
1479 4374 1579 4471 μή
1612 4377 1681 4466 μ’
1715 4376 1899 4467 ἀφῇς

560 4486 816 4581 ἔρημον
855 4486 1041 4555 οὕτω
1077 4482 1288 4576 χωρὶς
1323 4478 1724 4573 ἀνθρώπων
1762 4476 2033 4567 στίβον,

561 4589 690 4660 ἀλλ’
730 4589 772 4684 ἢ
810 4589 985 4681 πρὸς
1021 4583 1215 4657 οἷκον
1250 4584 1378 4655 τὸν
1417 4583 1542 4653 σὸν
1580 4578 1883 4652 ἔκσωσόν
1926 4582 1993 4670 μ’
2036 4579 2249 4668 ἄγων,
