3328 5326
1100 412 1706 476 ARISTOPHANES.
2479 416 2593 477 26⁴

581 606 625 701 ἢ
664 602 1134 701 Προξενίὸην,
1173 603 1218 700 ἢ
1255 602 1384 675 τὸν
1425 605 1700 675 Σίλλου
2455 609 2602 678 330

684 710 949 778 τοῦτον
986 707 1117 778 τὸν
1152 703 1740 798 ψευδαμάμαξυν.

587 808 979 907 τόλμησον,
1023 810 1227 899 ἄναξ,
1269 809 1715 906 χαρίσασθαι’
1737 836 1864 902 μοι

587 912 828 993 πάθος
866 912 1241 1009 οἰκτείρας,
1284 912 1330 1010 ἦ
1364 941 1454 1005 με
1487 915 1803 1008 κεραυνῷ

589 1020 1060 1108 διατινθαλέῳ
1099 1012 1442 1088 σπόδισον
1477 1019 1772 1105 ταχέως,

583 1122 851 1193 κᾶπειτ’
893 1119 1157 1192 ἀνελών
1193 1121 1260 1210 μ’
1306 1118 1780 1216 ὑποφυσήσας
2457 1125 2604 1194 335

584 1228 681 1303 εἰς
718 1223 1031 1321 ὀξάλμην
1070 1222 1323 1316 ἔμβαλε
1357 1221 1668 1321 θερμήν,
1708 1289 1713 1292 ⁷

582 1329 627 1425 ἢ
666 1330 844 1425 δῆτα
881 1327 1093 1399 λίθον
1128 1354 1213 1417 με
1253 1325 1586 1424 ποίησον,
1628 1328 1732 1422 ἐφ
1778 1323 1863 1398 οὗ

694 1431 825 1509 τὰς
860 1429 1183 1526 χοιρίνας
1221 1431 1695 1525 ἀριθμοῦσιν.

239 1543 402 1612 ΧΟ.
438 1536 530 1609 α’.
586 1535 698 1613 τίς
735 1533 869 1631 γάρ
905 1534 1051 1607 ἐσθ’
1095 1534 1135 1604 ὁ
1173 1531 1407 1605 ταῦτά
1448 1534 1500 1604 σ’
1535 1536 1783 1631 εἴργων
2442 1562 2601 1629 στρ.

585 1637 1011 1710 κάποκλείων
1047 1635 1178 1714 τὰς
1202 1635 1481 1733 θυραςς
1520 1638 1623 1708 λε’-
2461 1638 2605 1711 340

586 1754 735 1825 ξον·
777 1739 956 1836 πρὸς
989 1740 1237 1819 εὔνους
1272 1742 1403 1866 γὰρ
1444 1737 1765 1840 φράσεις.

247 1853 369 1921 ΦΙ.
587 1844 808 1937 οὑμὸς
844 1842 1029 1922 ὑιός·
1074 1843 1248 1915 ἀλλὰ
1281 1843 1379 1940 μὴ
1416 1845 1660 1936 βοᾶτε·
1703 1844 1819 1914 καὶ
1855 1843 1988 1940 γὰρ
2026 1842 2352 1936 τυγχάνει

590 1949 840 2020 οὑτοσι
875 1945 1196 2044 πρόσθεν
1232 1944 1626 2019 καθεύδων·
1689 1949 1823 2020 ἀλλ
1865 1948 2135 2041 ὕφεσθε
2185 1950 2317 2020 τοῦ
2356 1945 2601 2021 τόνου.

243 2059 405 2126 XO.
437 2053 536 2146 β’.
588 2054 722 2123 τοῦ
761 2053 821 2122 δ’
864 2051 1123 2176 ἔφεξιν,
1172 2078 1225 2119 ω
1261 2048 1551 2142 μάταιε,
1594 2053 1829 2122 ταῦτα
1868 2054 2042 2148 ὁρᾶν
2081 2076 2153 2123 σε
2188 2049 2550 2144 βούλεται,

588 2154 754 2226 τίνα
787 2152 1151 2250 πρόφασίν
1188 2154 1243 2224 τ’
1287 2154 1505 2247 ἔχων,
2458 2155 2605 2228 345

251 2266 375 2333 ΦΙ.
593 2261 717 2329 οὐκ
754 2260 835 2350 ἐᾷ
870 2259 971 2349 μ’,
1017 2252 1299 2352 ὦνὸρες,
1344 2256 1678 2346 δικάζειν,
1725 2257 1883 2327 ουδὲ
1913 2259 2088 2350 ὁρᾶν
2118 2259 2320 2330 οὐδέν
2356 2258 2602 2348 κακόν,

588 2360 763 2433 ἀλλά
796 2361 864 2453 μ’
898 2361 1180 2449 εὐωχεῖν
1217 2357 1505 2453 ε’τοιμός
1541 2361 1710 2432 ἐστ’·
1751 2360 1878 2451 ε’χοὶ
1918 2362 1977 2430 d’
2023 2364 2106 2433 οὐ
2141 2360 2522 2454 βούλομαι.

241 2472 404 2539 XO.
437 2466 522 2559 γ’.
584 2465 772 2536 τοῦτ’
813 2461 1136 2559 ἑτόλμησ’
1179 2464 1218 2535 ὁ
1256 2462 1518 2559 μιαρὸς
1554 2491 1681 2552 χα-

586 2575 770 2657 νεῖν,
815 2568 855 2639 ὁ
894 2569 1503 2662 ὸεινολογοκλέωνς
1544 2563 1647 2662 ἆρ’

351 2792 356 2799 ·
433 2776 510 2847 V.
554 2777 726 2848 345.
798 2775 1058 2847 Addidi
1107 2777 1196 2846 τ’.
1273 2775 1592 2846 Geuuina
1642 2786 1804 2848 sunt
1861 2777 2039 2847 haec
2086 2778 2296 2847 verba
2352 2787 2423 2847 et
2469 2798 2612 2847 nou

242 2879 502 2952 adiecta
551 2878 1076 2972 interpretando
1125 2879 1381 2971 ἔφεξιν.
1472 2879 1645 2950 Nam
1698 2880 1759 2949 si
1794 2879 2182 2973 Hesychius
2218 2879 2450 2973 ἔφεξιν
2486 2902 2613 2974 per

243 2981 463 3078 χάριν,
506 2988 732 3071 ἕνεκα,
773 2980 1141 3077 πρόφασιν
1178 2981 1711 3075 interpretatur,
1765 3004 1907 3054 non
1955 2983 2131 3053 haec
2169 2994 2278 3054 est
2311 2984 2611 3055 nominis

245 3086 410 3159 illius
460 3086 910 3182 significatio,
963 3085 1092 3156 sed
1129 3085 1351 3156 solum
1399 3084 1512 3154 ille
1563 3106 1827 3179 ponere
1877 3086 2222 3172 debebat,
2270 3086 2461 3178 quod
2503 3086 2611 3156 his

243 3191 447 3277 addit,
486 3189 776 3286 ἐποχήν,
817 3189 981 3282 quia
1016 3189 1249 3281 ἔφεξιν
1287 3210 1426 3258 non
1466 3188 1663 3259 a'liter
1697 3187 1936 3284 χάριν,
1979 3193 2203 3279 ἕνεκα,
2244 3186 2612 3285 πρόφασιν

244 3294 622 3387 siguificare
674 3303 935 3388 potest,
987 3315 1195 3384 quam
1247 3291 1366 3363 ubi
1415 3292 1584 3384 quid
1632 3291 2060 3386 impediendi
2096 3282 2612 3387 cohibendique

245 3419 480 3470 caussa
515 3398 666 3469 fieri
704 3396 1008 3494 dicitur.}

436 3503 511 3572 V.
550 3501 722 3573 349.
783 3499 1080 3573 Codices
1117 3499 1430 3593 plerique
1467 3499 1796 3570 habento
1827 3500 2454 3597 Δημολογοκλέων,
2498 3499 2615 3570 ὅτι

243 3606 442 3695 λέγεις
484 3635 557 3677 τι
606 3605 769 3698 περὶ
819 3606 964 3675 τῶν
1017 3604 1191 3674 νεῶν
1239 3605 1525 3700 ἀληθές.
1636 3602 1844 3688 Quod
1907 3604 1979 3677 in
2044 3604 2313 3674 Veneto
2365 3603 2614 3696 legitur

246 3707 620 3805 δημολόγος
657 3709 935 3798 Κλέων,
976 3716 1217 3801 aperta
1253 3707 1733 3802 interpretatio
1780 3718 1906 3779 est.
1993 3708 2189 3778 Patet
2230 3707 2403 3778 haec
2454 3728 2615 3777 cor-

248 3823 438 3905 rupta
470 3836 649 3885 esse.
721 3811 896 3882 Nam
933 3811 1069 3881 hoc
1106 3832 1364 3881 nomen
1402 3811 2004 3907 Δημολογοκλέων
2038 3810 2615 3904 vituperationem

247 3913 509 3989 Cleonis
564 3916 915 4000 continet,
971 3937 1180 4007 quem
1234 3924 1504 3986 tantum
1557 3916 1758 3986 abest
1809 3923 1884 3987 ut
1936 3915 2282 4007 vituperet
2335 3913 2615 3998 choruS‚

246 4039 402 4089 eum
458 4033 529 4093 ut
587 4019 813 4115 potius
879 4017 1257 4092 admiretur
1307 4028 1379 4089 et
1424 4019 1737 4091 studiose
1783 4027 2109 4089 sectetur.
2153 4010 2175 4083 ’.
2203 4017 2445 4111 Neque
2499 4027 2619 4090 aut
2668 4034 2675 4045 ·

246 4123 383 4193 τῶν
434 4124 634 4213 νεῶν,
695 4133 815 4194 aut
868 4123 1012 4192 τῶν
1064 4124 1241 4193 νέων
1295 4122 1433 4192 dici
1487 4123 1731 4217 potuit,
1786 4143 1929 4192 non
1982 4122 2209 4193 solum
2264 4121 2426 4214 quia
2474 4142 2618 4193 non

247 4239 525 4320 apparet
593 4226 762 4321 quid
833 4224 926 4297 de
1002 4225 1290 4296 navibus
1361 4235 1478 4296 aut
1549 4225 1918 4297 iuvenibus
1998 4224 2257 4296 dicere*
2315 4225 2619 4319 potuerit

245 4327 584 4403 Philocleo
604 4386 623 4416 ‚
701 4329 830 4401 sed
891 4330 1103 4403 etiam
1171 4328 1334 4420 quia
1395 4341 1660 4401 certum
1717 4328 1886 4422 quid
1949 4338 2021 4400 et
2084 4328 2432 4422 singulare
2487 4351 2617 4400 no-

247 4433 637 4506 minandum
715 4442 905 4517 erat,
978 4454 1065 4503 ex
1135 4453 1274 4524 quo
1345 4431 1436 4502 de
1508 4432 1903 4526 proditione
1977 4443 2347 4526 suspectus
2406 4431 2617 4509 ‚fieret

248 4534 628 4630 Bdelycleo.
686 4538 924 4630 Itaque
969 4546 1038 4606 et
1074 4538 1641 4625 ὁεινολογοκλέων
1678 4536 1912 4630 posui,
1950 4558 2092 4629 quo
2129 4537 2475 4608 clamosus
2511 4534 2618 4604 vi-

254 4647 593 4733 tuperator
656 4640 929 4712 Cleonis
993 4636 1454 4733 significatur,
1519 4650 1589 4710 et
1652 4640 1894 4712 addito
1963 4635 2106 4736 ἆρα
2161 4639 2404 4733 scripsi
2457 4636 2619 4730 περὶ
