<?xml version="1.0" encoding="UTF-8"?>
<!DOCTYPE html PUBLIC "-//W3C//DTD XHTML 1.0 Transitional//EN"
    "http://www.w3.org/TR/xhtml1/DTD/xhtml1-transitional.dtd">
<html xmlns="http://www.w3.org/1999/xhtml" xml:lang="en" lang="en">
 <head>
  <title>
</title>
<meta http-equiv="Content-Type" content="text/html;charset=utf-8" />
  <meta name='ocr-system' content='tesseract 3.04.00' />
  <meta name='ocr-capabilities' content='ocr_page ocr_carea ocr_par ocr_line ocrx_word'/>
</head>
<body>
  <div class='ocr_page' id='page_1' title='image "./godofrediherman02hermgoog/godofrediherman02hermgoog_0383.png"; bbox 0 0 3328 5326; ppageno 0'>
   <div class='ocr_carea' id='block_1_1' title="bbox 1377 369 2857 470">
    <p class='ocr_par' dir='ltr' id='par_1_1' title="bbox 1377 369 2857 470">
     <span class='ocr_line' id='line_1_1' title="bbox 1377 369 2857 470; baseline 0.002 -3"><span class='ocrx_word' id='word_1_1' title='bbox 1377 407 1717 468; x_wconf 68' lang='lat' dir='ltr'>amnne.</span> <span class='ocrx_word' id='word_1_2' title='bbox 2612 409 2746 470; x_wconf 71' lang='lat' dir='ltr'>aas</span> <span class='ocrx_word' id='word_1_3' title='bbox 2848 369 2857 374; x_wconf 47' lang='grc'><em>“</em></span> 
     </span>
    </p>
   </div>
   <div class='ocr_carea' id='block_1_2' title="bbox 327 597 2865 4729">
    <p class='ocr_par' dir='ltr' id='par_1_2' title="bbox 343 597 2747 1209">
     <span class='ocr_line' id='line_1_2' title="bbox 343 597 2739 694; baseline 0.003 -27"><span class='ocrx_word' id='word_1_4' title='bbox 343 598 742 692; x_wconf 84' lang='lat' dir='ltr'>praesentis</span> <span class='ocrx_word' id='word_1_5' title='bbox 782 599 1006 670; x_wconf 82' lang='lat' dir='ltr'>futura</span> <span class='ocrx_word' id='word_1_6' title='bbox 1044 598 1380 692; x_wconf 75' lang='lat' dir='ltr'>praedici,</span> <span class='ocrx_word' id='word_1_7' title='bbox 1418 621 1510 669; x_wconf 89' lang='lat' dir='ltr'>ne</span> <span class='ocrx_word' id='word_1_8' title='bbox 1533 598 1673 669; x_wconf 84' lang='lat' dir='ltr'>hec</span> <span class='ocrx_word' id='word_1_9' title='bbox 1700 597 1984 690; x_wconf 77' lang='lat' dir='ltr'>quidem</span> <span class='ocrx_word' id='word_1_10' title='bbox 2013 599 2236 692; x_wconf 79' lang='lat' dir='ltr'>accipi</span> <span class='ocrx_word' id='word_1_11' title='bbox 2264 610 2518 691; x_wconf 82' lang='lat' dir='ltr'>potest,</span> <span class='ocrx_word' id='word_1_12' title='bbox 2548 602 2739 694; x_wconf 81' lang='lat' dir='ltr'>quia,</span> 
     </span>
     <span class='ocr_line' id='line_1_3' title="bbox 347 702 2745 798; baseline 0.001 -25"><span class='ocrx_word' id='word_1_13' title='bbox 347 703 411 773; x_wconf 86' lang='lat' dir='ltr'>si</span> <span class='ocrx_word' id='word_1_14' title='bbox 450 703 586 773; x_wconf 73' lang='lat' dir='ltr'>isto</span> <span class='ocrx_word' id='word_1_15' title='bbox 620 702 831 773; x_wconf 90' lang='lat' dir='ltr'>modo</span> <span class='ocrx_word' id='word_1_16' title='bbox 869 703 1057 794; x_wconf 88' lang='lat' dir='ltr'>loqui</span> <span class='ocrx_word' id='word_1_17' title='bbox 1086 702 1424 776; x_wconf 87' lang='lat' dir='ltr'>voluisset</span> <span class='ocrx_word' id='word_1_18' title='bbox 1453 702 1932 787; x_wconf 69' lang='lat' dir='ltr'>Callimachum,</span> <span class='ocrx_word' id='word_1_19' title='bbox 1972 702 2195 773; x_wconf 80' lang='lat' dir='ltr'>verba</span> <span class='ocrx_word' id='word_1_20' title='bbox 2231 702 2406 774; x_wconf 89' lang='lat' dir='ltr'>haec</span> <span class='ocrx_word' id='word_1_21' title='bbox 2434 726 2576 776; x_wconf 88' lang='lat' dir='ltr'>non</span> <span class='ocrx_word' id='word_1_22' title='bbox 2614 727 2745 798; x_wconf 85' lang='lat' dir='ltr'>per</span> 
     </span>
     <span class='ocr_line' id='line_1_4' title="bbox 345 805 2747 898; baseline 0.002 -23"><span class='ocrx_word' id='word_1_23' title='bbox 345 806 497 893; x_wconf 74' lang='grc' dir='ltr'><em>καὶ,</em></span> <span class='ocrx_word' id='word_1_24' title='bbox 551 805 682 876; x_wconf 81' lang='lat' dir='ltr'>sed</span> <span class='ocrx_word' id='word_1_25' title='bbox 721 817 861 898; x_wconf 85' lang='lat' dir='ltr'>&#39;per</span> <span class='ocrx_word' id='word_1_26' title='bbox 913 805 988 877; x_wconf 71' lang='grc' dir='ltr'>δὲ</span> <span class='ocrx_word' id='word_1_27' title='bbox 1035 806 1414 878; x_wconf 81' lang='lat' dir='ltr'>adnectere</span> <span class='ocrx_word' id='word_1_28' title='bbox 1449 806 1779 877; x_wconf 81' lang='lat' dir='ltr'>debebat.</span> <span class='ocrx_word' id='word_1_29' title='bbox 1872 806 2112 898; x_wconf 80' lang='lat' dir='ltr'>Itaque</span> <span class='ocrx_word' id='word_1_30' title='bbox 2169 816 2361 877; x_wconf 87' lang='lat' dir='ltr'>recte</span> <span class='ocrx_word' id='word_1_31' title='bbox 2412 806 2747 882; x_wconf 80' lang='lat' dir='ltr'>dissensit.</span> 
     </span>
     <span class='ocr_line' id='line_1_5' title="bbox 349 901 2740 1003; baseline 0.001 -23"><span class='ocrx_word' id='word_1_32' title='bbox 349 910 849 993; x_wconf 69' lang='lat' dir='ltr'>Schneider-us,</span> <span class='ocrx_word' id='word_1_33' title='bbox 889 911 1010 1001; x_wconf 87' lang='lat' dir='ltr'>qui</span> <span class='ocrx_word' id='word_1_34' title='bbox 1045 919 1280 980; x_wconf 84' lang='lat' dir='ltr'>tamen</span> <span class='ocrx_word' id='word_1_35' title='bbox 1319 932 1536 1003; x_wconf 87' lang='lat' dir='ltr'>quum</span> <span class='ocrx_word' id='word_1_36' title='bbox 1571 910 1707 980; x_wconf 87' lang='lat' dir='ltr'>sibi</span> <span class='ocrx_word' id='word_1_37' title='bbox 1742 908 2200 1003; x_wconf 83' lang='lat' dir='ltr'>persuaderet</span> <span class='ocrx_word' id='word_1_38' title='bbox 2237 901 2740 986; x_wconf 79' lang='lat' dir='ltr'>Callimachum</span> 
     </span>
     <span class='ocr_line' id='line_1_6' title="bbox 345 1013 1370 1106; baseline -0.003 -23"><span class='ocrx_word' id='word_1_39' title='bbox 345 1013 718 1106; x_wconf 82' lang='lat' dir='ltr'>scripsisse</span> <span class='ocrx_word' id='word_1_40' title='bbox 1365 1075 1370 1080; x_wconf 84' lang='lat'><strong>.</strong></span> 
     </span>
     <span class='ocr_line' id='line_1_7' title="bbox 1081 1114 1949 1209; baseline 0 -24"><span class='ocrx_word' id='word_1_41' title='bbox 1081 1117 1279 1188; x_wconf 76' lang='grc' dir='ltr'><em>ἰὸὤσι</em></span> <span class='ocrx_word' id='word_1_42' title='bbox 1316 1115 1388 1187; x_wconf 78' lang='grc' dir='ltr'>δὲ</span> <span class='ocrx_word' id='word_1_43' title='bbox 1425 1114 1642 1188; x_wconf 70' lang='grc' dir='ltr'><em>πίονα</em></span> <span class='ocrx_word' id='word_1_44' title='bbox 1677 1115 1949 1209; x_wconf 67' lang='grc' dir='ltr'><em>καρπὸν</em></span> 
     </span>
    </p>

    <p class='ocr_par' dir='ltr' id='par_1_3' title="bbox 327 1217 2865 3467">
     <span class='ocr_line' id='line_1_8' title="bbox 659 1217 2089 1310; baseline -0.003 -21"><span class='ocrx_word' id='word_1_45' title='bbox 659 1217 978 1309; x_wconf 71' lang='grc' dir='ltr'><em>γείτονες-</em></span> <span class='ocrx_word' id='word_1_46' title='bbox 998 1219 1216 1290; x_wconf 75' lang='grc' dir='ltr'><em>αἰθιὸν</em></span> <span class='ocrx_word' id='word_1_47' title='bbox 1251 1223 1472 1310; x_wconf 73' lang='grc' dir='ltr'><em>ἐμεῖο,</em></span> <span class='ocrx_word' id='word_1_48' title='bbox 1499 1257 1510 1270; x_wconf 84' lang='grc'><em>·</em></span> <span class='ocrx_word' id='word_1_49' title='bbox 2082 1271 2089 1284; x_wconf 91' lang='grc'>.</span> 
     </span>
     <span class='ocr_line' id='line_1_9' title="bbox 340 1321 2745 1420; baseline 0.001 -27"><span class='ocrx_word' id='word_1_50' title='bbox 340 1346 491 1394; x_wconf 87' lang='lat' dir='ltr'>non</span> <span class='ocrx_word' id='word_1_51' title='bbox 530 1324 822 1412; x_wconf 50' lang='lat' dir='ltr'>videtur,</span> <span class='ocrx_word' id='word_1_52' title='bbox 843 1323 1191 1420; x_wconf 78' lang='lat' dir='ltr'>cogitasse</span> <span class='ocrx_word' id='word_1_53' title='bbox 1229 1321 1448 1394; x_wconf 61' lang='grc' dir='ltr'><em>αἶθον</em></span> <span class='ocrx_word' id='word_1_54' title='bbox 1477 1344 1617 1393; x_wconf 84' lang='lat' dir='ltr'>non</span> <span class='ocrx_word' id='word_1_55' title='bbox 1643 1322 2033 1405; x_wconf 77' lang='lat' dir='ltr'>ardentem,</span> <span class='ocrx_word' id='word_1_56' title='bbox 2065 1321 2193 1392; x_wconf 83' lang='lat' dir='ltr'>sed</span> <span class='ocrx_word' id='word_1_57' title='bbox 2225 1323 2491 1394; x_wconf 73' lang='lat' dir='ltr'>fuscum</span> <span class='ocrx_word' id='word_1_58' title='bbox 2506 1324 2745 1416; x_wconf 70' lang='lat' dir='ltr'>&#39;signi-</span> 
     </span>
     <span class='ocr_line' id='line_1_10' title="bbox 341 1426 2736 1512; baseline 0.001 -16"><span class='ocrx_word' id='word_1_59' title='bbox 341 1426 586 1512; x_wconf 84' lang='lat' dir='ltr'>ficare,</span> <span class='ocrx_word' id='word_1_60' title='bbox 627 1430 817 1498; x_wconf 56' lang='grc' dir='ltr'><em>ἰδυῖα</em></span> <span class='ocrx_word' id='word_1_61' title='bbox 856 1436 1088 1498; x_wconf 78' lang='lat' dir='ltr'>autem</span> <span class='ocrx_word' id='word_1_62' title='bbox 1124 1426 1184 1498; x_wconf 90' lang='lat' dir='ltr'>si</span> <span class='ocrx_word' id='word_1_63' title='bbox 1220 1427 1551 1498; x_wconf 83' lang='lat' dir='ltr'>usitatum</span> <span class='ocrx_word' id='word_1_64' title='bbox 1587 1426 1736 1511; x_wconf 78' lang='lat' dir='ltr'>fuit,</span> <span class='ocrx_word' id='word_1_65' title='bbox 1765 1447 1911 1497; x_wconf 82' lang='lat' dir='ltr'>non</span> <span class='ocrx_word' id='word_1_66' title='bbox 1930 1426 2265 1498; x_wconf 77' lang='lat' dir='ltr'>continuo</span> <span class='ocrx_word' id='word_1_67' title='bbox 2295 1426 2504 1498; x_wconf 78' lang='lat' dir='ltr'>etiam</span> <span class='ocrx_word' id='word_1_68' title='bbox 2535 1428 2736 1500; x_wconf 77' lang='grc' dir='ltr'><em>ι’ὃῶοι</em></span> 
     </span>
     <span class='ocr_line' id='line_1_11' title="bbox 336 1529 2736 1624; baseline 0.001 -25"><span class='ocrx_word' id='word_1_69' title='bbox 336 1553 475 1624; x_wconf 90' lang='lat' dir='ltr'>pro</span> <span class='ocrx_word' id='word_1_70' title='bbox 510 1531 746 1600; x_wconf 67' lang='grc' dir='ltr'><em>εἰδῶσι</em></span> <span class='ocrx_word' id='word_1_71' title='bbox 785 1541 1192 1623; x_wconf 87' lang='lat' dir='ltr'>usurpatum</span> <span class='ocrx_word' id='word_1_72' title='bbox 1233 1531 1505 1600; x_wconf 90' lang='lat' dir='ltr'>censeri</span> <span class='ocrx_word' id='word_1_73' title='bbox 1543 1543 1774 1623; x_wconf 83' lang='lat' dir='ltr'>pesse.</span> <span class='ocrx_word' id='word_1_74' title='bbox 1834 1529 2037 1615; x_wconf 84' lang='lat' dir='ltr'>Quod</span> <span class='ocrx_word' id='word_1_75' title='bbox 2076 1530 2134 1600; x_wconf 86' lang='lat' dir='ltr'>si</span> <span class='ocrx_word' id='word_1_76' title='bbox 2171 1529 2595 1602; x_wconf 86' lang='lat' dir='ltr'>servandum</span> <span class='ocrx_word' id='word_1_77' title='bbox 2626 1540 2736 1602; x_wconf 68' lang='lat' dir='ltr'>est</span> 
     </span>
     <span class='ocr_line' id='line_1_12' title="bbox 340 1632 2736 1727; baseline 0 -23"><span class='ocrx_word' id='word_1_78' title='bbox 340 1635 812 1725; x_wconf 74' lang='grc' dir='ltr'><em>αἰθομένοιο,</em></span> <span class='ocrx_word' id='word_1_79' title='bbox 858 1634 1092 1727; x_wconf 82' lang='lat' dir='ltr'>inepte</span> <span class='ocrx_word' id='word_1_80' title='bbox 1150 1644 1381 1705; x_wconf 87' lang='lat' dir='ltr'>autem</span> <span class='ocrx_word' id='word_1_81' title='bbox 1420 1634 1747 1705; x_wconf 80' lang='lat' dir='ltr'>dicunt-ur</span> <span class='ocrx_word' id='word_1_82' title='bbox 1782 1633 2022 1704; x_wconf 84' lang='lat' dir='ltr'>nescio</span> <span class='ocrx_word' id='word_1_83' title='bbox 2059 1633 2177 1725; x_wconf 83' lang='lat' dir='ltr'>qui</span> <span class='ocrx_word' id='word_1_84' title='bbox 2219 1632 2458 1706; x_wconf 85' lang='lat' dir='ltr'>videre</span> <span class='ocrx_word' id='word_1_85' title='bbox 2495 1635 2736 1725; x_wconf 82' lang='lat' dir='ltr'>fruges</span> 
     </span>
     <span class='ocr_line' id='line_1_13' title="bbox 338 1736 2738 1822; baseline -0.001 -15"><span class='ocrx_word' id='word_1_86' title='bbox 338 1737 658 1808; x_wconf 87' lang='lat' dir='ltr'>ardentis</span> <span class='ocrx_word' id='word_1_87' title='bbox 702 1737 943 1822; x_wconf 83' lang='lat' dir='ltr'>vicini,</span> <span class='ocrx_word' id='word_1_88' title='bbox 997 1737 1165 1807; x_wconf 90' lang='lat' dir='ltr'>illud</span> <span class='ocrx_word' id='word_1_89' title='bbox 1214 1740 1510 1809; x_wconf 71' lang='lat' dir='ltr'>ibrtasse</span> <span class='ocrx_word' id='word_1_90' title='bbox 1547 1748 1739 1808; x_wconf 79' lang='lat' dir='ltr'>recte</span> <span class='ocrx_word' id='word_1_91' title='bbox 1776 1738 2042 1808; x_wconf 68' lang='lat' dir='ltr'>dixisse</span> <span class='ocrx_word' id='word_1_92' title='bbox 2079 1736 2403 1808; x_wconf 81' lang='lat' dir='ltr'>videatur</span> <span class='ocrx_word' id='word_1_93' title='bbox 2442 1736 2738 1807; x_wconf 89' lang='lat' dir='ltr'>Schnei-</span> 
     </span>
     <span class='ocr_line' id='line_1_14' title="bbox 340 1840 2736 1934; baseline 0.001 -23"><span class='ocrx_word' id='word_1_94' title='bbox 340 1840 585 1926; x_wconf 83' lang='lat' dir='ltr'>derus,</span> <span class='ocrx_word' id='word_1_95' title='bbox 626 1841 1075 1912; x_wconf 85' lang='lat' dir='ltr'>scribendum</span> <span class='ocrx_word' id='word_1_96' title='bbox 1113 1861 1274 1911; x_wconf 83' lang='lat' dir='ltr'>esse</span> <span class='ocrx_word' id='word_1_97' title='bbox 1307 1840 1642 1930; x_wconf 70' lang='grc' dir='ltr'><em>γοίτονεςε</em></span> <span class='ocrx_word' id='word_1_98' title='bbox 1686 1863 1729 1912; x_wconf 85' lang='lat' dir='ltr'>a</span> <span class='ocrx_word' id='word_1_99' title='bbox 1754 1863 1895 1933; x_wconf 89' lang='lat' dir='ltr'>quo</span> <span class='ocrx_word' id='word_1_100' title='bbox 1920 1840 1981 1910; x_wconf 88' lang='lat' dir='ltr'>si</span> <span class='ocrx_word' id='word_1_101' title='bbox 2020 1843 2373 1934; x_wconf 80' lang='lat' dir='ltr'>profectus</span> <span class='ocrx_word' id='word_1_102' title='bbox 2409 1840 2612 1912; x_wconf 86' lang='lat' dir='ltr'>simul</span> <span class='ocrx_word' id='word_1_103' title='bbox 2646 1861 2736 1912; x_wconf 77' lang='lat' dir='ltr'>ea</span> 
     </span>
     <span class='ocr_line' id='line_1_15' title="bbox 336 1944 2733 2038; baseline 0.002 -24"><span class='ocrx_word' id='word_1_104' title='bbox 336 1967 632 2037; x_wconf 87' lang='lat' dir='ltr'>quoque</span> <span class='ocrx_word' id='word_1_105' title='bbox 666 1967 847 2038; x_wconf 86' lang='lat' dir='ltr'>quae</span> <span class='ocrx_word' id='word_1_106' title='bbox 885 1944 1319 2038; x_wconf 82' lang='lat' dir='ltr'>praecedunt</span> <span class='ocrx_word' id='word_1_107' title='bbox 1354 1955 1423 2015; x_wconf 83' lang='lat' dir='ltr'>et</span> <span class='ocrx_word' id='word_1_108' title='bbox 1453 1955 1839 2037; x_wconf 88' lang='lat' dir='ltr'>sequuntur</span> <span class='ocrx_word' id='word_1_109' title='bbox 1865 1944 2193 2015; x_wconf 81' lang='lat' dir='ltr'>attentius</span> <span class='ocrx_word' id='word_1_110' title='bbox 2222 1944 2733 2036; x_wconf 81' lang='lat' dir='ltr'>contemplatus</span> 
     </span>
     <span class='ocr_line' id='line_1_16' title="bbox 336 2048 2726 2141; baseline -0 -23"><span class='ocrx_word' id='word_1_111' title='bbox 336 2058 557 2133; x_wconf 87' lang='lat' dir='ltr'>esset,</span> <span class='ocrx_word' id='word_1_112' title='bbox 597 2048 801 2118; x_wconf 84' lang='lat' dir='ltr'>facile</span> <span class='ocrx_word' id='word_1_113' title='bbox 839 2048 1441 2141; x_wconf 82' lang='lat' dir='ltr'>deprehendisset,</span> <span class='ocrx_word' id='word_1_114' title='bbox 1480 2071 1663 2140; x_wconf 86' lang='lat' dir='ltr'>quae</span> <span class='ocrx_word' id='word_1_115' title='bbox 1702 2060 1770 2118; x_wconf 93' lang='lat' dir='ltr'>et</span> <span class='ocrx_word' id='word_1_116' title='bbox 1809 2049 2035 2140; x_wconf 87' lang='lat' dir='ltr'>ipsum</span> <span class='ocrx_word' id='word_1_117' title='bbox 2054 2059 2136 2118; x_wconf 73' lang='lat' dir='ltr'>&#39;et</span> <span class='ocrx_word' id='word_1_118' title='bbox 2163 2048 2333 2118; x_wconf 79' lang='lat' dir='ltr'>alios</span> <span class='ocrx_word' id='word_1_119' title='bbox 2364 2048 2726 2120; x_wconf 70' lang='lat' dir='ltr'>latuerunt.</span> 
     </span>
     <span class='ocr_line' id='line_1_17' title="bbox 338 2151 2733 2246; baseline -0.001 -24"><span class='ocrx_word' id='word_1_120' title='bbox 338 2152 520 2222; x_wconf 89' lang='lat' dir='ltr'>Nam</span> <span class='ocrx_word' id='word_1_121' title='bbox 573 2152 742 2244; x_wconf 87' lang='lat' dir='ltr'>quid</span> <span class='ocrx_word' id='word_1_122' title='bbox 794 2152 1076 2223; x_wconf 89' lang='lat' dir='ltr'>tandem</span> <span class='ocrx_word' id='word_1_123' title='bbox 1130 2152 1379 2223; x_wconf 69' lang='lat' dir='ltr'>ardet?</span> <span class='ocrx_word' id='word_1_124' title='bbox 1447 2152 1811 2246; x_wconf 87' lang='lat' dir='ltr'>Templum</span> <span class='ocrx_word' id='word_1_125' title='bbox 1861 2151 2201 2245; x_wconf 84' lang='lat' dir='ltr'>Apollinis</span> <span class='ocrx_word' id='word_1_126' title='bbox 2242 2173 2391 2222; x_wconf 79' lang='lat' dir='ltr'>nen</span> <span class='ocrx_word' id='word_1_127' title='bbox 2426 2163 2588 2222; x_wconf 80' lang='lat' dir='ltr'>&#39;esse</span> <span class='ocrx_word' id='word_1_128' title='bbox 2626 2151 2733 2219; x_wconf 90' lang='lat' dir='ltr'>in-</span> 
     </span>
     <span class='ocr_line' id='line_1_18' title="bbox 337 2254 2865 2347; baseline 0.002 -21"><span class='ocrx_word' id='word_1_129' title='bbox 337 2275 635 2327; x_wconf 88' lang='lat' dir='ltr'>censum</span> <span class='ocrx_word' id='word_1_130' title='bbox 671 2266 744 2326; x_wconf 86' lang='lat' dir='ltr'>et</span> <span class='ocrx_word' id='word_1_131' title='bbox 782 2278 1027 2327; x_wconf 87' lang='lat' dir='ltr'>versus</span> <span class='ocrx_word' id='word_1_132' title='bbox 1067 2257 1236 2326; x_wconf 74' lang='lat'><strong>⁴82.</strong></span> <span class='ocrx_word' id='word_1_133' title='bbox 1270 2275 1464 2347; x_wconf 83' lang='lat' dir='ltr'>seqq.</span> <span class='ocrx_word' id='word_1_134' title='bbox 1497 2256 1901 2340; x_wconf 81' lang='lat' dir='ltr'>ostendunt,</span> <span class='ocrx_word' id='word_1_135' title='bbox 1940 2265 2011 2326; x_wconf 88' lang='lat' dir='ltr'>et</span> <span class='ocrx_word' id='word_1_136' title='bbox 2037 2254 2345 2347; x_wconf 81' lang='lat' dir='ltr'>quae-de</span> <span class='ocrx_word' id='word_1_137' title='bbox 2368 2254 2730 2326; x_wconf 86' lang='lat' dir='ltr'>invasione</span> <span class='ocrx_word' id='word_1_138' title='bbox 2751 2270 2865 2330; x_wconf 54' lang='lat' dir='ltr'>a&amp;</span> 
     </span>
     <span class='ocr_line' id='line_1_19' title="bbox 332 2358 2731 2452; baseline 0 -23"><span class='ocrx_word' id='word_1_139' title='bbox 332 2360 457 2430; x_wconf 91' lang='lat' dir='ltr'>illa</span> <span class='ocrx_word' id='word_1_140' title='bbox 508 2359 860 2431; x_wconf 86' lang='lat' dir='ltr'>Gallorum</span> <span class='ocrx_word' id='word_1_141' title='bbox 909 2359 1454 2452; x_wconf 80' lang='lat' dir='ltr'>explicatissime</span> <span class='ocrx_word' id='word_1_142' title='bbox 1503 2359 1881 2430; x_wconf 84' lang='lat' dir='ltr'>Pausanias</span> <span class='ocrx_word' id='word_1_143' title='bbox 1949 2367 2021 2429; x_wconf 85' lang='lat' dir='ltr'>et</span> <span class='ocrx_word' id='word_1_144' title='bbox 2069 2358 2368 2430; x_wconf 81' lang='lat' dir='ltr'>lustinus</span> <span class='ocrx_word' id='word_1_145' title='bbox 2428 2358 2731 2451; x_wconf 81' lang='lat' dir='ltr'>scripse-</span> 
     </span>
     <span class='ocr_line' id='line_1_20' title="bbox 334 2461 2732 2555; baseline -0 -22"><span class='ocrx_word' id='word_1_146' title='bbox 334 2472 522 2533; x_wconf 90' lang='lat' dir='ltr'>runt.</span> <span class='ocrx_word' id='word_1_147' title='bbox 583 2463 792 2555; x_wconf 77' lang='lat' dir='ltr'>Atqui</span> <span class='ocrx_word' id='word_1_148' title='bbox 815 2462 997 2555; x_wconf 74' lang='lat' dir='ltr'>‚quiid</span> <span class='ocrx_word' id='word_1_149' title='bbox 1033 2464 1278 2533; x_wconf 79' lang='lat' dir='ltr'>arserit</span> <span class='ocrx_word' id='word_1_150' title='bbox 1315 2462 1696 2534; x_wconf 82' lang='lat' dir='ltr'>dicendum</span> <span class='ocrx_word' id='word_1_151' title='bbox 1735 2473 1886 2534; x_wconf 85' lang='lat' dir='ltr'>erat</span> <span class='ocrx_word' id='word_1_152' title='bbox 1921 2462 2349 2533; x_wconf 66' lang='lat' dir='ltr'>necessaria·</span> <span class='ocrx_word' id='word_1_153' title='bbox 2431 2461 2587 2533; x_wconf 87' lang='lat' dir='ltr'>Non</span> <span class='ocrx_word' id='word_1_154' title='bbox 2623 2472 2732 2533; x_wconf 86' lang='lat' dir='ltr'>est</span> 
     </span>
     <span class='ocr_line' id='line_1_21' title="bbox 334 2564 2730 2661; baseline -0 -24"><span class='ocrx_word' id='word_1_155' title='bbox 334 2575 575 2640; x_wconf 90' lang='lat' dir='ltr'>tamen</span> <span class='ocrx_word' id='word_1_156' title='bbox 611 2567 901 2652; x_wconf 66' lang='lat' dir='ltr'>dictum,</span> <span class='ocrx_word' id='word_1_157' title='bbox 940 2588 1071 2637; x_wconf 89' lang='lat' dir='ltr'>nec</span> <span class='ocrx_word' id='word_1_158' title='bbox 1109 2568 1310 2638; x_wconf 82' lang='lat' dir='ltr'>locus</span> <span class='ocrx_word' id='word_1_159' title='bbox 1344 2571 1675 2661; x_wconf 83' lang='lat' dir='ltr'>apparet,</span> <span class='ocrx_word' id='word_1_160' title='bbox 1712 2567 1833 2637; x_wconf 82' lang='lat' dir='ltr'>uhi</span> <span class='ocrx_word' id='word_1_161' title='bbox 1871 2566 2011 2637; x_wconf 87' lang='lat' dir='ltr'>dici</span> <span class='ocrx_word' id='word_1_162' title='bbox 2061 2565 2382 2659; x_wconf 82' lang='lat' dir='ltr'>potuerit.</span> <span class='ocrx_word' id='word_1_163' title='bbox 2442 2564 2730 2657; x_wconf 73' lang='lat' dir='ltr'>Fruges</span> 
     </span>
     <span class='ocr_line' id='line_1_22' title="bbox 336 2669 2737 2762; baseline -0 -20"><span class='ocrx_word' id='word_1_164' title='bbox 336 2673 528 2742; x_wconf 88' lang='lat' dir='ltr'>enim</span> <span class='ocrx_word' id='word_1_165' title='bbox 579 2671 828 2743; x_wconf 86' lang='lat' dir='ltr'>ardere</span> <span class='ocrx_word' id='word_1_166' title='bbox 879 2670 1054 2757; x_wconf 82' lang='lat' dir='ltr'>dici,</span> <span class='ocrx_word' id='word_1_167' title='bbox 1110 2672 1300 2744; x_wconf 83' lang='lat' dir='ltr'>unde</span> <span class='ocrx_word' id='word_1_168' title='bbox 1335 2672 1838 2743; x_wconf 77' lang='lat' dir='ltr'>Valckenarius</span> <span class='ocrx_word' id='word_1_169' title='bbox 1894 2669 2293 2762; x_wconf 57' lang='grc' dir='ltr'><em>αἰθόμενον</em></span> <span class='ocrx_word' id='word_1_170' title='bbox 2328 2669 2737 2741; x_wconf 78' lang='lat' dir='ltr'>et&#39;Sehnei-</span> 
     </span>
     <span class='ocr_line' id='line_1_23' title="bbox 335 2775 2733 2868; baseline -0.002 -21"><span class='ocrx_word' id='word_1_171' title='bbox 335 2775 554 2847; x_wconf 87' lang='lat' dir='ltr'>derus</span> <span class='ocrx_word' id='word_1_172' title='bbox 591 2775 812 2847; x_wconf 75' lang='grc' dir='ltr'><em>αἰθὸν</em></span> <span class='ocrx_word' id='word_1_173' title='bbox 848 2777 1330 2860; x_wconf 80' lang='lat' dir='ltr'>coniecerunt,</span> <span class='ocrx_word' id='word_1_174' title='bbox 1385 2798 1598 2868; x_wconf 88' lang='lat' dir='ltr'>quum</span> <span class='ocrx_word' id='word_1_175' title='bbox 1647 2777 1741 2846; x_wconf 84' lang='lat' dir='ltr'>ob</span> <span class='ocrx_word' id='word_1_176' title='bbox 1793 2776 1964 2851; x_wconf 78' lang='lat' dir='ltr'>alias</span> <span class='ocrx_word' id='word_1_177' title='bbox 2002 2796 2323 2858; x_wconf 83' lang='lat' dir='ltr'>caussas,</span> <span class='ocrx_word' id='word_1_178' title='bbox 2385 2783 2531 2846; x_wconf 90' lang='lat' dir='ltr'>tum</span> <span class='ocrx_word' id='word_1_179' title='bbox 2567 2796 2733 2867; x_wconf 90' lang='lat' dir='ltr'>pro-</span> 
     </span>
     <span class='ocr_line' id='line_1_24' title="bbox 335 2876 2731 2973; baseline 0 -25"><span class='ocrx_word' id='word_1_180' title='bbox 335 2890 585 2973; x_wconf 86' lang='lat' dir='ltr'>pterea</span> <span class='ocrx_word' id='word_1_181' title='bbox 629 2879 1001 2972; x_wconf 81' lang='lat' dir='ltr'>displicere</span> <span class='ocrx_word' id='word_1_182' title='bbox 1054 2879 1304 2964; x_wconf 84' lang='lat' dir='ltr'>debet,</span> <span class='ocrx_word' id='word_1_183' title='bbox 1354 2879 1546 2971; x_wconf 85' lang='lat' dir='ltr'>quod</span> <span class='ocrx_word' id='word_1_184' title='bbox 1599 2880 1815 2951; x_wconf 88' lang='lat' dir='ltr'>aedes</span> <span class='ocrx_word' id='word_1_185' title='bbox 1863 2879 2093 2972; x_wconf 88' lang='lat' dir='ltr'>potius</span> <span class='ocrx_word' id='word_1_186' title='bbox 2142 2887 2214 2948; x_wconf 86' lang='lat' dir='ltr'>et</span> <span class='ocrx_word' id='word_1_187' title='bbox 2262 2878 2400 2949; x_wconf 83' lang='lat' dir='ltr'>vici</span> <span class='ocrx_word' id='word_1_188' title='bbox 2448 2876 2731 2948; x_wconf 86' lang='lat' dir='ltr'>dicendi</span> 
     </span>
     <span class='ocr_line' id='line_1_25' title="bbox 336 2980 2739 3075; baseline -0.001 -21"><span class='ocrx_word' id='word_1_189' title='bbox 336 2993 540 3054; x_wconf 84' lang='lat' dir='ltr'>erant</span> <span class='ocrx_word' id='word_1_190' title='bbox 577 2983 845 3073; x_wconf 74' lang='lat' dir='ltr'>incensi</span> <span class='ocrx_word' id='word_1_191' title='bbox 881 3004 1060 3052; x_wconf 87' lang='lat' dir='ltr'>esse.</span> <span class='ocrx_word' id='word_1_192' title='bbox 1156 2984 1506 3053; x_wconf 84' lang='lat' dir='ltr'>Mittamus</span> <span class='ocrx_word' id='word_1_193' title='bbox 1541 2985 2011 3075; x_wconf 77' lang='lat' dir='ltr'>ergo.fruges.,</span> <span class='ocrx_word' id='word_1_194' title='bbox 2048 2981 2199 3051; x_wconf 85' lang='lat' dir='ltr'>sive</span> <span class='ocrx_word' id='word_1_195' title='bbox 2235 2980 2391 3072; x_wconf 86' lang='lat' dir='ltr'>quis</span> <span class='ocrx_word' id='word_1_196' title='bbox 2429 2981 2578 3051; x_wconf 90' lang='lat' dir='ltr'>illas</span> <span class='ocrx_word' id='word_1_197' title='bbox 2614 3001 2739 3051; x_wconf 83' lang='lat' dir='ltr'>se-</span> 
     </span>
     <span class='ocr_line' id='line_1_26' title="bbox 333 3083 2729 3179; baseline -0.002 -23"><span class='ocrx_word' id='word_1_198' title='bbox 333 3097 539 3179; x_wconf 80' lang='lat' dir='ltr'>getes</span> <span class='ocrx_word' id='word_1_199' title='bbox 593 3086 742 3157; x_wconf 89' lang='lat' dir='ltr'>sive</span> <span class='ocrx_word' id='word_1_200' title='bbox 795 3088 1057 3157; x_wconf 84' lang='lat' dir='ltr'>fructus</span> <span class='ocrx_word' id='word_1_201' title='bbox 1105 3087 1433 3156; x_wconf 89' lang='lat' dir='ltr'>arborum</span> <span class='ocrx_word' id='word_1_202' title='bbox 1483 3106 1643 3156; x_wconf 89' lang='lat' dir='ltr'>esse</span> <span class='ocrx_word' id='word_1_203' title='bbox 1695 3086 1884 3157; x_wconf 87' lang='lat' dir='ltr'>velit.</span> <span class='ocrx_word' id='word_1_204' title='bbox 1994 3083 2149 3154; x_wconf 87' lang='lat' dir='ltr'>Non</span> <span class='ocrx_word' id='word_1_205' title='bbox 2215 3083 2488 3153; x_wconf 81' lang='lat' dir='ltr'>videtur</span> <span class='ocrx_word' id='word_1_206' title='bbox 2542 3083 2729 3154; x_wconf 90' lang='lat' dir='ltr'>enim</span> 
     </span>
     <span class='ocr_line' id='line_1_27' title="bbox 331 3184 2739 3286; baseline -0.002 -24"><span class='ocrx_word' id='word_1_207' title='bbox 331 3191 802 3262; x_wconf 83' lang='lat' dir='ltr'>dubitandum</span> <span class='ocrx_word' id='word_1_208' title='bbox 849 3211 1046 3273; x_wconf 84' lang='lat' dir='ltr'>esse,</span> <span class='ocrx_word' id='word_1_209' title='bbox 1103 3190 1269 3281; x_wconf 88' lang='lat' dir='ltr'>quin</span> <span class='ocrx_word' id='word_1_210' title='bbox 1322 3188 1595 3286; x_wconf 23' lang='lat' dir='ltr'>doctus*</span> <span class='ocrx_word' id='word_1_211' title='bbox 1612 3199 1851 3282; x_wconf 86' lang='lat' dir='ltr'>poeta,</span> <span class='ocrx_word' id='word_1_212' title='bbox 1906 3199 1985 3259; x_wconf 86' lang='lat' dir='ltr'>ut</span> <span class='ocrx_word' id='word_1_213' title='bbox 2036 3187 2383 3279; x_wconf 84' lang='lat' dir='ltr'>tantisper·</span> <span class='ocrx_word' id='word_1_214' title='bbox 2423 3184 2739 3276; x_wconf 69' lang='grc' dir='ltr'><em>γείτονες</em></span> 
     </span>
     <span class='ocr_line' id='line_1_28' title="bbox 327 3293 1930 3387; baseline -0.002 -22"><span class='ocrx_word' id='word_1_215' title='bbox 327 3294 738 3387; x_wconf 82' lang='lat' dir='ltr'>suscipiam,</span> <span class='ocrx_word' id='word_1_216' title='bbox 776 3293 1157 3387; x_wconf 85' lang='lat' dir='ltr'>scripserit,</span> <span class='ocrx_word' id='word_1_217' title='bbox 1916 3358 1930 3379; x_wconf 89' lang='lat'>-.</span> 
     </span>
     <span class='ocr_line' id='line_1_29' title="bbox 1073 3395 1936 3467; baseline 0 -3"><span class='ocrx_word' id='word_1_218' title='bbox 1073 3399 1271 3467; x_wconf 68' lang='lat' dir='ltr'>i&#39;dtooc</span> <span class='ocrx_word' id='word_1_219' title='bbox 1307 3397 1380 3467; x_wconf 76' lang='grc' dir='ltr'>δὲ</span> <span class='ocrx_word' id='word_1_220' title='bbox 1414 3395 1630 3467; x_wconf 74' lang='grc' dir='ltr'><em>πίονα</em></span> <span class='ocrx_word' id='word_1_221' title='bbox 1668 3395 1936 3466; x_wconf 72' lang='grc' dir='ltr'><em>καπνὸν</em></span> 
     </span>
    </p>

    <p class='ocr_par' dir='ltr' id='par_1_4' title="bbox 333 3499 2734 3697">
     <span class='ocr_line' id='line_1_30' title="bbox 650 3499 1557 3590; baseline -0.002 -19"><span class='ocrx_word' id='word_1_222' title='bbox 650 3499 955 3590; x_wconf 69' lang='grc' dir='ltr'><em>γείτονες</em></span> <span class='ocrx_word' id='word_1_223' title='bbox 992 3502 1416 3590; x_wconf 69' lang='grc' dir='ltr'><em>αἰθομένοιο</em></span> <span class='ocrx_word' id='word_1_224' title='bbox 1450 3530 1557 3553; x_wconf 50' lang='lat'>⁴-</span> 
     </span>
     <span class='ocr_line' id='line_1_31' title="bbox 333 3601 2734 3697; baseline -0.002 -21"><span class='ocrx_word' id='word_1_225' title='bbox 333 3607 638 3676; x_wconf 85' lang='lat' dir='ltr'>fortasse</span> <span class='ocrx_word' id='word_1_226' title='bbox 675 3626 817 3676; x_wconf 90' lang='lat' dir='ltr'>non</span> <span class='ocrx_word' id='word_1_227' title='bbox 845 3605 1208 3674; x_wconf 87' lang='lat' dir='ltr'>immemor</span> <span class='ocrx_word' id='word_1_228' title='bbox 1232 3604 1562 3697; x_wconf 83' lang='lat' dir='ltr'>Aeschyli</span> <span class='ocrx_word' id='word_1_229' title='bbox 1588 3625 1908 3674; x_wconf 81' lang='lat' dir='ltr'>versuum</span> <span class='ocrx_word' id='word_1_230' title='bbox 1940 3603 2008 3672; x_wconf 90' lang='lat' dir='ltr'>in</span> <span class='ocrx_word' id='word_1_231' title='bbox 2036 3603 2519 3694; x_wconf 82' lang='lat' dir='ltr'>Agmemnone</span> <span class='ocrx_word' id='word_1_232' title='bbox 2550 3601 2592 3672; x_wconf 89' lang='lat'><strong>7</strong></span> <span class='ocrx_word' id='word_1_233' title='bbox 2600 3602 2734 3674; x_wconf 75' lang='lat'>92-</span> 
     </span>
    </p>

    <p class='ocr_par' dir='ltr' id='par_1_5' title="bbox 650 3704 2201 3801">
     <span class='ocr_line' id='line_1_32' title="bbox 650 3704 2201 3801; baseline -0.001 -24"><span class='ocrx_word' id='word_1_234' title='bbox 650 3708 993 3799; x_wconf 61' lang='lat' dir='ltr'>uarwcjid&#39;</span> <span class='ocrx_word' id='word_1_235' title='bbox 1036 3709 1304 3778; x_wconf 81' lang='grc' dir='ltr'><em>ἁλοῦσα</em></span> <span class='ocrx_word' id='word_1_236' title='bbox 1342 3708 1470 3777; x_wconf 74' lang='grc' dir='ltr'>νῦν</span> <span class='ocrx_word' id='word_1_237' title='bbox 1506 3707 1593 3778; x_wconf 60' lang='lat' dir='ltr'>e&#39;v’</span> <span class='ocrx_word' id='word_1_238' title='bbox 1634 3706 1941 3801; x_wconf 75' lang='grc' dir='ltr'><em>εὔσημος</em></span> <span class='ocrx_word' id='word_1_239' title='bbox 1976 3704 2201 3783; x_wconf 79' lang='grc' dir='ltr'><em>πόλις.</em></span> 
     </span>
    </p>

    <p class='ocr_par' dir='ltr' id='par_1_6' title="bbox 650 3807 2080 3907">
     <span class='ocr_line' id='line_1_33' title="bbox 650 3807 2080 3907; baseline -0.001 -26"><span class='ocrx_word' id='word_1_240' title='bbox 650 3812 825 3906; x_wconf 75' lang='grc' dir='ltr'><strong><em>ἄτης</em></strong></span> <span class='ocrx_word' id='word_1_241' title='bbox 859 3808 1151 3883; x_wconf 72' lang='grc' dir='ltr'><em>θύελλαι</em></span> <span class='ocrx_word' id='word_1_242' title='bbox 1190 3812 1381 3895; x_wconf 77' lang='grc' dir='ltr'><em>ζῶσι·</em></span> <span class='ocrx_word' id='word_1_243' title='bbox 1428 3807 1973 3907; x_wconf 70' lang='grc' dir='ltr'><em>συνθνῄσκουσα</em></span> <span class='ocrx_word' id='word_1_244' title='bbox 2007 3809 2080 3880; x_wconf 72' lang='grc' dir='ltr'>δὲ</span> 
     </span>
    </p>

    <p class='ocr_par' dir='ltr' id='par_1_7' title="bbox 333 3909 2735 4729">
     <span class='ocr_line' id='line_1_34' title="bbox 656 3909 2278 4009; baseline -0.002 -24"><span class='ocrx_word' id='word_1_245' title='bbox 656 3913 912 3992; x_wconf 74' lang='grc' dir='ltr'><em>σποδὸς</em></span> <span class='ocrx_word' id='word_1_246' title='bbox 945 3916 1344 4009; x_wconf 73' lang='grc' dir='ltr'><em>προπέμπει</em></span> <span class='ocrx_word' id='word_1_247' title='bbox 1378 3912 1634 3990; x_wconf 72' lang='grc' dir='ltr'><em>πίονας</em></span> <span class='ocrx_word' id='word_1_248' title='bbox 1669 3911 1980 3985; x_wconf 81' lang='grc' dir='ltr'><em>πλούτου</em></span> <span class='ocrx_word' id='word_1_249' title='bbox 2015 3909 2278 3988; x_wconf 66' lang='grc' dir='ltr'><em>πνοιάς.</em></span> 
     </span>
     <span class='ocr_line' id='line_1_35' title="bbox 334 4012 2734 4110; baseline -0 -22"><span class='ocrx_word' id='word_1_250' title='bbox 334 4019 503 4090; x_wconf 88' lang='lat' dir='ltr'>Post</span> <span class='ocrx_word' id='word_1_251' title='bbox 557 4019 980 4109; x_wconf 73' lang='grc' dir='ltr'><em>αἰθομένοιο</em></span> <span class='ocrx_word' id='word_1_252' title='bbox 1035 4017 1201 4109; x_wconf 90' lang='lat' dir='ltr'>quid</span> <span class='ocrx_word' id='word_1_253' title='bbox 1253 4017 1585 4110; x_wconf 82' lang='lat' dir='ltr'>scriptum</span> <span class='ocrx_word' id='word_1_254' title='bbox 1637 4018 1846 4088; x_wconf 87' lang='lat' dir='ltr'>fuerit</span> <span class='ocrx_word' id='word_1_255' title='bbox 1896 4015 2270 4098; x_wconf 79' lang='lat' dir='ltr'>nescimuS,</span> <span class='ocrx_word' id='word_1_256' title='bbox 2322 4012 2456 4084; x_wconf 89' lang='lat' dir='ltr'>nisi</span> <span class='ocrx_word' id='word_1_257' title='bbox 2510 4014 2734 4087; x_wconf 86' lang='lat' dir='ltr'>fuisse</span> 
     </span>
     <span class='ocr_line' id='line_1_36' title="bbox 333 4117 2735 4215; baseline -0.001 -22"><span class='ocrx_word' id='word_1_258' title='bbox 333 4122 682 4193; x_wconf 83' lang='lat' dir='ltr'>credibile</span> <span class='ocrx_word' id='word_1_259' title='bbox 729 4130 838 4191; x_wconf 84' lang='lat' dir='ltr'>est</span> <span class='ocrx_word' id='word_1_260' title='bbox 879 4122 1307 4210; x_wconf 74' lang='grc' dir='ltr'><em>αἰθομένοιο</em></span> <span class='ocrx_word' id='word_1_261' title='bbox 1350 4117 1606 4215; x_wconf 79' lang='grc' dir='ltr'><em>πυρός;</em></span> <span class='ocrx_word' id='word_1_262' title='bbox 1659 4140 2083 4212; x_wconf 83' lang='lat' dir='ltr'>quamquam</span> <span class='ocrx_word' id='word_1_263' title='bbox 2137 4119 2291 4210; x_wconf 87' lang='lat' dir='ltr'>quis</span> <span class='ocrx_word' id='word_1_264' title='bbox 2344 4119 2735 4190; x_wconf 64' lang='lat' dir='ltr'>contendat-</span> 
     </span>
     <span class='ocr_line' id='line_1_37' title="bbox 334 4219 2733 4319; baseline -0.003 -20"><span class='ocrx_word' id='word_1_265' title='bbox 334 4249 482 4299; x_wconf 85' lang='lat' dir='ltr'>non</span> <span class='ocrx_word' id='word_1_266' title='bbox 518 4224 831 4319; x_wconf 87' lang='lat' dir='ltr'>potuisse</span> <span class='ocrx_word' id='word_1_267' title='bbox 869 4224 1267 4295; x_wconf 89' lang='lat' dir='ltr'>huiusmodi</span> <span class='ocrx_word' id='word_1_268' title='bbox 1304 4224 1470 4315; x_wconf 91' lang='lat' dir='ltr'>quid</span> <span class='ocrx_word' id='word_1_269' title='bbox 1508 4224 1671 4308; x_wconf 86' lang='lat' dir='ltr'>dici,</span> <span class='ocrx_word' id='word_1_270' title='bbox 1715 4225 1912 4294; x_wconf 81' lang='grc' dir='ltr'><em>ι”δωσι</em></span> <span class='ocrx_word' id='word_1_271' title='bbox 1946 4221 2022 4294; x_wconf 75' lang='grc' dir='ltr'>δὲ</span> <span class='ocrx_word' id='word_1_272' title='bbox 2047 4219 2260 4295; x_wconf 75' lang='grc' dir='ltr'><em>πίονα</em></span> <span class='ocrx_word' id='word_1_273' title='bbox 2280 4220 2557 4295; x_wconf 60' lang='grc' dir='ltr'><em>καπνὸν</em></span> <span class='ocrx_word' id='word_1_274' title='bbox 2585 4222 2733 4311; x_wconf 68' lang='lat' dir='ltr'>ysl-</span> 
     </span>
     <span class='ocr_line' id='line_1_38' title="bbox 337 4323 2727 4422; baseline -0.003 -22"><span class='ocrx_word' id='word_1_275' title='bbox 337 4355 549 4407; x_wconf 68' lang='lat' dir='ltr'><em>vovoc</em></span> <span class='ocrx_word' id='word_1_276' title='bbox 586 4330 1009 4418; x_wconf 66' lang='grc' dir='ltr'><em>αἰθομένοιο</em></span> <span class='ocrx_word' id='word_1_277' title='bbox 1046 4326 1221 4422; x_wconf 72' lang='grc' dir='ltr'><em>πρὸς</em></span> <span class='ocrx_word' id='word_1_278' title='bbox 1259 4327 1569 4422; x_wconf 76' lang='grc' dir='ltr'><em>οὐρανὸν</em></span> <span class='ocrx_word' id='word_1_279' title='bbox 1603 4328 1952 4398; x_wconf 72' lang='grc' dir='ltr'><em>ἀΐσσοντα</em></span> <span class='ocrx_word' id='word_1_280' title='bbox 1987 4323 2250 4413; x_wconf 75' lang='grc' dir='ltr'><em>τείχεος</em></span> <span class='ocrx_word' id='word_1_281' title='bbox 2284 4326 2398 4395; x_wconf 84' lang='lat' dir='ltr'>vel</span> <span class='ocrx_word' id='word_1_282' title='bbox 2437 4325 2727 4402; x_wconf 77' lang='grc' dir='ltr'><em>ἄστεος;</em></span> 
     </span>
     <span class='ocr_line' id='line_1_39' title="bbox 338 4428 2717 4503; baseline -0.003 0"><span class='ocrx_word' id='word_1_283' title='bbox 338 4435 608 4503; x_wconf 75' lang='lat' dir='ltr'>minore</span> <span class='ocrx_word' id='word_1_284' title='bbox 655 4441 847 4503; x_wconf 87' lang='lat' dir='ltr'>certe</span> <span class='ocrx_word' id='word_1_285' title='bbox 902 4431 1191 4501; x_wconf 89' lang='lat' dir='ltr'>audacia</span> <span class='ocrx_word' id='word_1_286' title='bbox 1243 4432 1504 4501; x_wconf 84' lang='lat' dir='ltr'>fumum</span> <span class='ocrx_word' id='word_1_287' title='bbox 1553 4452 1846 4501; x_wconf 87' lang='lat' dir='ltr'>cernere</span> <span class='ocrx_word' id='word_1_288' title='bbox 1883 4429 2019 4499; x_wconf 76' lang='lat' dir='ltr'>vici</span> <span class='ocrx_word' id='word_1_289' title='bbox 2057 4438 2128 4498; x_wconf 87' lang='lat' dir='ltr'>et</span> <span class='ocrx_word' id='word_1_290' title='bbox 2163 4438 2437 4500; x_wconf 86' lang='lat' dir='ltr'>montes</span> <span class='ocrx_word' id='word_1_291' title='bbox 2476 4428 2717 4498; x_wconf 88' lang='lat' dir='ltr'>dicun-</span> 
     </span>
     <span class='ocr_line' id='line_1_40' title="bbox 337 4533 2729 4628; baseline -0.004 -20"><span class='ocrx_word' id='word_1_292' title='bbox 337 4548 471 4621; x_wconf 86' lang='lat' dir='ltr'>tur,</span> <span class='ocrx_word' id='word_1_293' title='bbox 511 4542 719 4628; x_wconf 81' lang='lat' dir='ltr'>qnam</span> <span class='ocrx_word' id='word_1_294' title='bbox 758 4545 957 4607; x_wconf 84' lang='lat' dir='ltr'>scuta</span> <span class='ocrx_word' id='word_1_295' title='bbox 993 4535 1371 4605; x_wconf 84' lang='lat' dir='ltr'>morientes</span> <span class='ocrx_word' id='word_1_296' title='bbox 1409 4534 1659 4605; x_wconf 84' lang='lat' dir='ltr'>milites</span> <span class='ocrx_word' id='word_1_297' title='bbox 1688 4556 1756 4603; x_wconf 82' lang='lat' dir='ltr'>v.</span> <span class='ocrx_word' id='word_1_298' title='bbox 1796 4536 1961 4603; x_wconf 20' lang='lat'><strong>⁴¹86.</strong></span> <span class='ocrx_word' id='word_1_299' title='bbox 2024 4533 2347 4603; x_wconf 87' lang='lat' dir='ltr'>lnterisse</span> <span class='ocrx_word' id='word_1_300' title='bbox 2385 4533 2537 4625; x_wconf 87' lang='lat' dir='ltr'>plus</span> <span class='ocrx_word' id='word_1_301' title='bbox 2575 4550 2729 4599; x_wconf 78' lang='lat' dir='ltr'>uno</span> 
     </span>
     <span class='ocr_line' id='line_1_41' title="bbox 341 4632 2731 4729; baseline -0.003 -18"><span class='ocrx_word' id='word_1_302' title='bbox 341 4664 549 4712; x_wconf 88' lang='lat' dir='ltr'>versu</span> <span class='ocrx_word' id='word_1_303' title='bbox 590 4639 911 4710; x_wconf 86' lang='lat' dir='ltr'>dubitare</span> <span class='ocrx_word' id='word_1_304' title='bbox 943 4660 1085 4709; x_wconf 88' lang='lat' dir='ltr'>non</span> <span class='ocrx_word' id='word_1_305' title='bbox 1125 4638 1290 4709; x_wconf 88' lang='lat' dir='ltr'>sinit</span> <span class='ocrx_word' id='word_1_306' title='bbox 1340 4639 1562 4709; x_wconf 85' lang='lat' dir='ltr'>oratio</span> <span class='ocrx_word' id='word_1_307' title='bbox 1599 4637 1861 4729; x_wconf 90' lang='lat' dir='ltr'>duplici</span> <span class='ocrx_word' id='word_1_308' title='bbox 1899 4637 1968 4705; x_wconf 89' lang='lat' dir='ltr'>in</span> <span class='ocrx_word' id='word_1_309' title='bbox 2006 4637 2199 4729; x_wconf 80' lang='lat' dir='ltr'>leges</span> <span class='ocrx_word' id='word_1_310' title='bbox 2236 4632 2731 4729; x_wconf 82' lang='lat' dir='ltr'>grammaticas</span> 
     </span>
    </p>
   </div>
  </div>
 </body>
</html>
