3328 5326
1105 357 1570 423 CONIECTAN.
1610 357 1883 424 CRITIC.
2567 361 2640 425 34
2661 365 2684 424 Ι

291 573 443 623 non
482 552 572 623 de
611 553 803 646 ipso,
856 551 985 624 sed
1031 552 1127 623 de
1175 553 1309 625 alio
1355 554 1685 648 quopiam
1723 553 1996 626 dicatur
2037 553 2160 625 οὐκ
2194 551 2521 652 ἡτύχηκε,
2563 557 2693 653 τῆς

285 653 519 750 τύχης
556 657 616 725 δ’
659 657 791 745 οὐχ
825 656 924 734 εἷς
957 653 1255 751 τρόπος.
1316 658 1549 741 Quare
1586 658 1688 729 sic
1714 659 1945 752 potius
1976 655 2261 730 credam
2289 659 2691 753 Euripidem

286 780 696 852 scripsisse:

611 861 880 959 πτηνὰς
916 860 1218 952 διώκεις,
1263 858 1316 934 οἷ
1351 866 1629 953 τέκνον,
1674 865 1804 941 τὰς
1839 864 2146 943 ἑλπίὸας.

611 965 747 1055 ἔχει
781 961 962 1063 τύχη
1003 988 1103 1037 σε·
1144 964 1273 1063 τῆς
1307 962 1529 1064 τύχης
1564 969 1628 1038 δ’
1675 969 1803 1056 οὐχ
1837 967 1939 1046 εἷς
1972 964 2270 1063 τρόπος.

511 1069 781 1141 Eadem
816 1071 1072 1164 pagina
1107 1071 1177 1140 in
1207 1072 1786 1167 Bellerophontae
1824 1073 1904 1142 fr.
1936 1073 2084 1142 XX.
2129 1071 2357 1167 [Dind.
2392 1075 2471 1142 fr.
2504 1071 2682 1167 287]

287 1198 358 1243 v.
398 1173 465 1243 7.
508 1173 698 1265 quod
745 1195 871 1267 pro
909 1175 1053 1260 his,
1094 1176 1286 1265 ἀλγεῖ
1313 1177 1474 1266 μέν,
1517 1178 1731 1265 ἀλγεῖ,
1773 1172 2136 1265 παγκάλως
2175 1178 2240 1246 δ’
2283 1171 2685 1268 ἀλγύνεται,

283 1276 750 1348 scribendum
786 1287 985 1371 puta-t
1022 1271 1443 1371 MadvigiuS,
1494 1280 1687 1369 ἀλγεῖ
1727 1281 1898 1369 μέν,
1944 1281 2166 1369 ἀλγεῖ,
2213 1275 2577 1369 παγκάλως
2626 1282 2688 1350 δ’

285 1375 723 1474 ἁβρύνεται,
764 1397 906 1452 non
958 1382 1379 1453 contendam
1426 1382 1710 1474 quidem
1748 1382 1962 1452 scribi
1998 1399 2139 1453 non
2177 1384 2524 1476 potuisse,
2564 1383 2693 1454 sed

283 1494 533 1553 tamen
584 1494 659 1555 ut
709 1485 1042 1579 scriptum
1095 1508 1134 1556 a
1187 1497 1398 1579 poeta
1448 1486 1733 1556 credam
1783 1507 1926 1556 non
1978 1486 2310 1559 adducor.
2405 1486 2579 1557 Nam
2624 1497 2695 1557 et

287 1587 622 1659 iteratum
660 1589 853 1679 ἀλγεῖ
881 1610 923 1659 a
961 1589 1331 1682 'tranquilla
1365 1590 1682 1660 oratione
1719 1590 2020 1660 alienum
2059 1601 2187 1675 est,
2226 1599 2300 1660 et
2326 1586 2694 1680 παγκάλως
2770 1665 2779 1684 ,

283 1690 484 1761 haud
523 1692 691 1762 satis
730 1702 967 1785 aptum
1018 1694 1258 1785 reique
1307 1694 1728 1764 conveniens
1766 1692 2188 1766 vocabulum
2222 1692 2533 1779 videtur,
2576 1694 2694 1765 ubi

279 1793 693 1866 sufficiebat
731 1795 921 1887 ὅμως
955 1796 1216 1868 dicere.
1296 1796 1705 1868 Confirmari
1740 1798 2031 1891 putabat
2067 1797 2456 1890 Madvigius
2494 1817 2689 1868 suam

277 1899 773 1970 coniecturam
819 1899 928 1970 his
963 1900 1284 1973 eiusdem
1338 1901 1706 1993 fragmenti
1742 1901 2102 1988 versibuS‚
2141 1921 2318 1994 quos
2356 1901 2507 1972 sine
2544 1900 2692 1971 vitii

277 2002 697 2096 suspicione
736 1999 966 2075 affert:

612 2106 811 2184 ὅστις
845 2107 921 2178 δὲ
955 2108 1222 2203 γαῦρον
1262 2111 1543 2201 σπέρμα
1576 2102 1900 2197 γενναῖόν
1935 2110 1991 2177 τ’
2034 2106 2208 2195 ἔχων

609 2208 775 2301 βίου
811 2208 1154 2298 σπανίζει,
1197 2212 1297 2302 τῷ
1333 2214 1511 2300 γένει
1546 2211 1679 2303 μὲν
1715 2212 2013 2300 εὐτυχεῖ,

608 2311 816 2406 πενίᾳ
852 2315 912 2383 δ’
954 2309 1265 2385 ἐλάσσων
1302 2316 1525 2404 ἐστὶν,
1568 2318 1643 2384 ἐν
1683 2315 1742 2383 δ’
1785 2310 2182 2404 ἀλγύνεται.

280 2418 387 2485 At
437 2415 568 2487 hos
619 2438 901 2509 quoque
953 2408 1212 2511 aliquid
1267 2418 1414 2489 vitii
1470 2417 1908 2489 contraxisse
1964 2418 2279 2488 arbitror.
2393 2416 2568 2486 Nam
2623 2426 2693 2486 et

277 2518 502 2612 πενίᾳ
564 2522 624 2590 δ’
691 2517 1005 2591 ἐλάσσων
1067 2522 1261 2592 ἐστὶν
1323 2541 1464 2593 non
1528 2530 1637 2592 est
1700 2521 1887 2593 aliud
1950 2541 2157 2614 quam
2223 2520 2415 2613 quod
2477 2519 2690 2590 modo
2712 2536 2880 2597 nm

285 2624 562 2696 dictum
614 2633 764 2696 erat
812 2622 975 2716 βίον
1014 2623 1357 2715 σπανίζει,
1400 2635 1472 2696 et
1507 2629 1584 2696 ἐν
1620 2625 1681 2696 δ’
1724 2623 2095 2716 ἀλγύνεται
2133 2624 2561 2719 ineptissime
2599 2624 2692 2694 ita

287 2728 747 2801 coniunctum
776 2738 884 2799 est
913 2750 1074 2800 cum
1101 2729 1336 2800 verbis
1364 2727 1977 2824 praecedentibu8‚
2020 2739 2094 2801 ut
2128 2750 2254 2801 cur
2290 2729 2421 2799 iste
2460 2728 2695 2799 doleat

290 2832 716 2903 nesciamus
801 2832 1172 2904 Praeterea
1208 2834 1326 2924 qui
1366 2834 1573 2905 totius
1612 2835 1981 2926 fragmenti
2018 2834 2158 2904 duo
2198 2833 2415 2903 ultimi
2452 2853 2692 2903 versus

281 2946 484 3020 sunt,
524 2944 665 3006 tam
704 2936 885 3006 male
922 2947 1085 3006 sunt
1121 2930 1416 3022 adnexi,
1457 2946 1532 3008 ut
1568 2947 1687 3008 aut
1724 2937 1976 3007 deesse
2031 2922 2324 3028 aliq'uid,
2382 2946 2499 3006 aut
2551 2957 2690 3005 non

289 3048 492 3109 recte
530 3039 767 3133 scripti
805 3060 963 3110 esse
999 3039 1391 3110 videantur.
1485 3038 1729 3110 Sermo
1766 3030 1914 3123 ille,
1952 3060 2093 3131 quo
2128 3039 2333 3109 dives
2370 3039 2692 3130 ignobilis

289 3153 367 3213 et
418 3143 671 3213 nobilis
723 3163 988 3236 pauper
1039 3166 1197 3215 cum
1248 3142 1528 3214 homine
1578 3143 1782 3214 simul
1831 3154 1901 3212 et
1952 3163 2261 3235 paupere
2298 3150 2372 3211 et
2408 3141 2694 3233 ignobili

292 3256 783 3340 comparatum
835 3246 1076 3339 viginti
1129 3248 1451 3317 versibus
1502 3256 1807 3330 constat,
1861 3268 2039 3339 quos
2095 3266 2229 3338 ego
2269 3244 2553 3337 quidem
2590 3242 2691 3315 sic

287 3352 446 3421 fere
485 3351 781 3444 scriptos
820 3351 1035 3422 fuisse
1073 3350 1500 3421 existimem:

609 3452 736 3543 ἐγώ
771 3452 859 3524 τὸ
893 3454 1025 3545 μὲν
1061 3454 1142 3550 δὴ
1180 3454 1550 3542 πανταχοῦ
1584 3451 2084 3548 θρυλούμενον

609 3551 993 3652 κράτιστον
1029 3554 1215 3628 εἶναί
1251 3585 1436 3655 φημι
1472 3556 1569 3653 μὴ
1614 3558 1840 3648 φῦναι
1874 3556 2140 3652 βροτῷ.

610 3661 924 3755 τρισσῶν
958 3661 1033 3732 δὲ
1065 3663 1344 3756 μοιρῶν
1379 3662 1670 3756 ἐγκρινῶ
1710 3662 1914 3732 νικᾶν
1950 3659 2157 3753 μίαν,

612 3761 929 3834 πλούτου
963 3790 1043 3835 τε
1074 3765 1275 3856 xristo)
1317 3766 1596 3860 σπέρμα
1629 3771 1954 3856 γενναῖον
1990 3764 2222 3859 προσῇ
2246 3812 2270 3851 ,

511 3871 553 3939 5
610 3865 852 3945 πενίας
884 3870 973 3938 τ’·
1019 3868 1340 3963 ἀριθμὸν
1372 3868 1508 3962 γὰρ
1541 3865 1841 3940 τοσόνδε
1874 3868 2328 3962 προύθέμην,

618 3972 655 4040 ὁ
690 3970 824 4063 μὲν
861 3968 1279 4059 ζάπλουτος,
1321 3976 1393 4049 ἐς
1428 3974 1627 4061 γένος
1662 3975 1724 4043 δ’
1771 3973 1895 4041 οὐκ
1931 3965 2256 4065 εὐτυχής,

614 4076 802 4166 ἀλγεῖ
832 4077 993 4165 μέν,
1036 4075 1243 4166 ἄλγος
1279 4072 1337 4144 δ’
1378 4071 1678 4153 εὐκόλως
1714 4070 2063 4165 ἀμύνεται

611 4177 826 4270 ὄλβου
861 4176 1144 4269 διοίγων
1178 4174 1520 4270 θάλαμον
1556 4179 1850 4274 ἥδιστον
1884 4176 2062 4271 χερί,

612 4282 737 4364 ἔξω
775 4280 849 4351 δὲ
882 4281 1150 4372 βαίνων
1184 4283 1421 4363 τοῦδε,
1464 4280 1594 4352 τὸν
1629 4279 1860 4375 πάρος
1894 4276 2160 4375 χρόνον

471 4387 561 4456 40
615 4385 969 4470 πλουτῶν,
1013 4385 1123 4453 ὑπ’
1165 4385 1340 4481 ἄτης
1376 4386 1658 4474 ζεῧγλαν
1696 4381 2018 4472 ἀσχάλλει
2053 4380 2316 4456 πεσών.

619 4488 815 4565 ὅστις
852 4486 925 4557 δὲ
957 4487 1227 4581 γαῦρον
1267 4489 1545 4580 σπέρμα
1580 4484 1905 4578 γενναῖόν
1940 4489 1996 4556 τ’
2040 4487 2216 4576 ἔχων

614 4590 779 4682 βίου
820 4584 1161 4678 σπανίζει,
1202 4591 1304 4681 τῷ
1341 4593 1521 4680 γένει
1556 4591 1689 4681 μὲν
1726 4593 2025 4679 εὐτυχεῖ,
