3328 5326
931 1401 1991 1514 EPIOHARMEA.*)

483 1890 834 1983 Diogenes
879 1891 1191 1961 Laertius
1243 1890 1345 1960 111.
1385 1895 1501 1961 40.
1549 1893 1617 1961 in
1662 1892 1880 1984 primo
1917 1889 2008 1960 de
2046 1899 2369 1982 quattuor
2404 1888 2654 1959 Alcimi
2674 1909 2852 1971 parav

281 1993 367 2064 ad
421 1994 793 2087 Amyntam
844 1993 1036 2063 libris
1087 1994 1264 2064 haec
1316 1995 1575 2087 scripta
1627 2015 1786 2064 esse
1842 1996 1964 2064 ait:
2037 1992 2368 2085 φαίνεται
2420 1992 2491 2062 δὲ
2541 1990 2657 2061 καὶ

285 2095 588 2168 Πλάτων
623 2096 845 2167 πολλὰ
872 2098 1016 2166 τῶν
1041 2094 1485 2193 Ἐπιχάρμου
1512 2100 1751 2187 λέγων·
1789 2098 2118 2168 σκεπτέον
2146 2096 2244 2185 δὲ,
2281 2096 2319 2166 ὁ
2350 2092 2656 2167 Πλάτων

284 2199 528 2297 φησίν,
586 2198 942 2296 αἰσθητὸν
993 2199 1125 2290 μὲν
1173 2196 1355 2270 εἶναι
1408 2199 1494 2271 τὸ
1554 2200 1906 2296 μηδέποτε
1957 2203 2032 2270 ἐν
2085 2199 2187 2290 τῷ
2246 2198 2428 2289 ποιῷ
2480 2196 2659 2292 μηδὲ

281 2303 469 2394 ποσῷ
523 2299 894 2393 ὃιάμενον,
952 2302 1086 2373 ἀλλ
1143 2302 1250 2372 ἀει
1296 2305 1455 2399 ῥέον
1507 2303 1622 2373 καὶ
1655 2301 2131 2426 μεταβάλλον,
2192 2302 2284 2379 ὠς
2329 2305 2414 2420 &gn
2436 2297 2532 2369 ὧν
2570 2299 2661 2369 ἄν

282 2432 385 2483 τις
431 2407 634 2499 ἀνέλῃ
683 2405 814 2476 τὸν
861 2402 1211 2500 ἀριθμόν,
1269 2405 1548 2477 τούτων
1594 2405 1758 2477 οὔτε
1814 2409 1984 2477 ἴσων
2031 2405 2195 2475 οὔτε
2242 2403 2458 2474 τινῶν
2496 2402 2659 2473 οὔτε

282 2509 513 2579 ποσῶν
567 2508 732 2579 οὔτε
774 2509 998 2580 ποιῶν
1050 2507 1305 2579 ὄντων·
1376 2510 1610 2581 ταῦτα
1666 2509 1727 2579 δ’
1792 2508 1984 2580 ἐστὶν
2049 2505 2146 2579 ὧν
2196 2506 2304 2577 ἀεὶ
2358 2508 2660 2596 γένεσιν,

282 2612 483 2684 οὐσία
504 2611 600 2684 δὲ
635 2614 986 2708 μηδέποτε
1020 2613 1307 2706 πέφυκε·
1352 2611 1613 2709 νοητὸν
1654 2614 1754 2701 δέ,
1788 2615 1856 2695 ἑξ
1893 2607 1979 2683 οὗ
2007 2610 2226 2708 μηὸὲν
2254 2607 2657 2737 ἀπογίνεται

279 2715 447 2811 μηδὲ
497 2713 970 2811 προςγίνεται·
1027 2715 1251 2786 τοῦτο
1304 2719 1363 2788 δ’
1419 2715 1611 2789 ἐστὶν
1660 2718 1703 2810 ἡ
1767 2716 1913 2786 τῶν
1967 2713 2212 2786 ἀϊδίων
2275 2711 2515 2806 φύσις,
2572 2713 2666 2808 ἢν

281 2817 534 2907 ὁμοίαν
583 2846 658 2889 τε
710 2819 825 2888 καὶ
872 2817 1002 2915 τὴν
1021 2820 1278 2941 ἡ,αὐτὴν
1316 2820 1424 2891 ἀεὶ
1464 2821 1891 2916 συμβέβηκεν
1928 2815 2136 2889 εἶναι·
2179 2821 2297 2888 καὶ
2331 2816 2475 2913 μὴν
2513 2815 2554 2886 ὅ
2587 2843 2662 2906 γε

275 2919 701 3016 Ἐπίχαρμος
749 2921 907 3014 περὶ
951 2923 1094 2992 τῶν
1142 2923 1514 3017 αἰσθητων
1550 2949 1663 2991 και
1703 2921 1979 3018 νοητῶν
2016 2922 2321 3014 ἐναργῶς
2357 2924 2660 3015 εἴρηκεν.

282 3024 445 3095 Tum
484 3025 689 3096 affert
718 3024 1148 3117 undeviginti
1176 3047 1422 3096 versus
1451 3025 1873 3117 Epicharmi,
1903 3045 2081 3115 quos
2109 3044 2321 3114 quum
2349 3022 2659 3113 quidam,

281 3130 526 3218 quibus
581 3128 880 3200 accessit
931 3128 1000 3197 P.
1050 3128 1118 3198 P.
1165 3129 1532 3198 Dobraeus
1588 3127 1657 3195 in
1707 3126 2257 3219 Aristophanicis
2309 3148 2376 3218 p.
2420 3124 2659 3218 (426),

281 3231 413 3301 nou
442 3234 788 3325 genuinos
818 3252 976 3302 esse
1006 3232 1336 3325 suspicati
1364 3241 1625 3316 essent,
1655 3233 1731 3300 L.
1765 3230 1842 3300 V.
1879 3229 2301 3300 Schmidtius
2329 3230 2396 3298 in
2427 3229 2662 3312 Quae-

190 3371 197 3378 ·
282 3335 620 3406 stionibus
648 3335 1148 3428 EpicharmeiS,
1179 3357 1628 3408 numerorum
1667 3335 2098 3428 potissimum
2137 3332 2659 3426 comparatione

282 3462 464 3525 USUS,
507 3439 864 3510 vindicare
900 3439 1317 3532 Epicharmo
1355 3439 1641 3510 studuit.
1728 3439 1862 3509 lllis
1901 3438 1968 3508 in
2006 3438 2325 3509 versibus
2363 3438 2481 3530 qui
2518 3436 2659 3507 duo
2679 3455 2857 3518 pato

278 3541 454 3612 inter
489 3565 569 3615 se
607 3543 924 3613 homines
961 3544 1470 3636 colloquuntur,
1509 3564 1751 3614 eorum
1788 3565 2001 3634 quum
2048 3564 2226 3614 unus
2262 3541 2439 3612 deos
2476 3562 2660 3610 sem-

277 3664 401 3738 per
438 3656 511 3717 et
548 3647 761 3718 fuisse
800 3656 872 3716 et
906 3638 1194 3718 eosdem
1232 3668 1516 3717 manere
1556 3646 1883 3731 dixisset,
1938 3647 2110 3717 alter
2161 3646 2377 3716 chaos
2429 3653 2658 3714 tamen

280 3761 436 3822 ante
474 3750 650 3821 deos
688 3761 997 3821 creatum
1036 3750 1174 3821 dici
1214 3752 1346 3837 ait,
1399 3772 1608 3843 quem
1645 3752 1957 3822 refut-ans
1995 3751 2053 3820 is
2090 3751 2206 3842 qui
2245 3749 2432 3842 prior
2469 3748 2662 3817 locu-

280 3866 386 3925 tus
439 3865 595 3925 erat
644 3853 965 3924 homines
1016 3876 1393 3946 numquam
1432 3854 1723 3925 eosdem
1768 3875 2085 3938 manere,
2144 3852 2272 3923 sed
2323 3860 2667 3944 perpetuo

280 3960 529 4029 mutari
575 3958 805 4029 docet.
864 3958 1040 4028 Nam
1078 3957 1270 4050 quod
1311 3957 1693 4028 Schmidtio
1731 3957 1954 4029 visum
1994 3966 2122 4041 est,
2155 3956 2341 4026 hunc
2369 3956 2663 4025 alterum

277 4083 461 4133 nunc
498 4064 694 4134 vices
732 4061 1051 4132 docentis
1090 4062 1471 4154 suscipere,
1502 4082 1826 4153 quaeque
1855 4061 1946 4132 de
1983 4059 2381 4130 hominibus
2420 4058 2663 4129 dican-

283 4172 407 4251 tur,
450 4165 661 4260 priori
699 4186 1080 4258 opponere,
1120 4185 1558 4257 nequaquam
1600 4163 1935 4235 credibile
1982 4174 2128 4233 est:
2185 4163 2394 4232 immo
2453 4184 2662 4233 unum

280 4270 752 4362 eundemque,
807 4268 957 4339 sive
1010 4269 1067 4339 is
1107 4268 1378 4353 UlixeS‚
1439 4269 1615 4338 alter
1651 4276 1881 4338 autem
1918 4266 2270 4338 Eumaeus
2318 4276 2458 4350 est,
2512 4266 2662 4335 sive

282 4372 388 4441 alii
427 4385 589 4445 sunt
624 4372 740 4467 qui
780 4371 956 4441 haec
995 4372 1175 4442 inter
1203 4394 1279 4442 se
1309 4373 1685 4466 disputant,
1718 4391 2011 4441 necesse
2039 4381 2146 4441 est
2172 4368 2661 4464 philosophum
2723 4384 2728 4389 ·

450 4625 508 4709 *)
548 4627 839 4708 Philolog.
868 4628 921 4689 V
962 4623 1169 4708 (⁴850)
1209 4645 1271 4705 p.
1307 4625 1430 4687 739
1464 4646 1558 4707 sq.
