3328 5326
1234 350 1666 411 EURIPIDES.
2522 347 2643 409 223

239 541 556 612 adiecta.
632 541 752 623 At,
793 542 1057 633 inquiat
1093 543 1370 634 aliquiS,
1410 553 1487 612 ut
1537 543 1670 612 ista
1720 540 1972 631 corrigi
2027 540 2322 632 possint,
2372 541 2489 631 qui
2542 542 2646 611 fa-

260 656 446 715 ctum
500 654 640 729 est,
696 654 788 728 ut,
831 646 887 715 si
926 647 1417 716 continuantur
1456 669 1522 715 v.
1559 645 1995 718 462—468.·
2040 645 2327 713 483--4
2349 646 2466 714 89.
2509 644 2643 714 hoc

264 749 702 841 stropharum
779 771 905 841 par
981 748 1518 833 distraheretur,
1586 750 2280 840 interponereturque
2343 768 2435 816 ex
2496 747 2644 817 aliis

261 852 441 922 binis
504 852 807 944 strophis
871 853 1339 946 antistropha,
1397 853 1685 945 stropha
1735 852 1976 922 ultimo
2030 852 2187 920 loco
2245 854 2647 920 reservata?

261 956 552 1026 Videtur
590 956 726 1025 hoc
765 956 863 1025 sic
903 958 1235 1049 explicari
1289 977 1532 1049 posse,
1571 966 1646 1027 ut
1683 978 1896 1047 quum
1933 965 2168 1024 cetera
2206 953 2451 1026 ordine
2489 976 2649 1046 per·
2732 1041 2735 1044 Ι

260 1059 521 1152 scripta
590 1069 862 1144 essent,
921 1061 1139 1131 altera
1208 1060 1635 1152 antistropha
1691 1060 1760 1128 in
1816 1058 2063 1128 lacinia
2119 1058 2450 1150 discerpti
2505 1056 2647 1127 folii

260 1174 566 1247 servata,
607 1163 936 1254 quoniam
974 1164 1407 1257 antistropha
1448 1164 1671 1256 prima
1708 1173 1778 1232 et
1815 1183 1997 1253 quae
2032 1182 2189 1232 eam
2227 1162 2652 1253 sequebatur

260 1267 550 1360 stropha
595 1288 807 1337 unam
857 1266 1141 1338 efficere
1178 1268 1538 1360 stropham
1577 1266 2025 1348 videbantur,
2067 1286 2152 1335 eo
2192 1265 2345 1335 loco
2385 1265 2651 1334 insere-

263 1382 476 1455 retur,
517 1391 656 1461 quo
695 1392 934 1463 parem
973 1371 1402 1464 longitudine
1431 1370 1790 1463 stropham
1827 1369 2217 1462 praeberet.
2278 1367 2655 1438 Confirmat

265 1475 445 1544 hanc
493 1474 970 1544 coniecturam
1014 1477 1278 1569 primus
1316 1475 1675 1566 utriusque
1730 1473 1973 1543 harum
2013 1471 2455 1563 stropharum
2492 1493 2653 1541 ver-

263 1600 404 1648 sus,
509 1577 684 1648 Nam
737 1601 947 1669 quum
1002 1589 1195 1650 recte
1250 1579 1709 1648 cohaererent
1763 1578 1872 1645 illa
1924 1596 2108 1667 quae
2162 1596 2367 1667 supra
2423 1576 2648 1667 posui,

268 1682 598 1751 translata
635 1681 1063 1775 antistropha
1103 1683 1213 1753 illa
1255 1684 1323 1751 in
1363 1683 1668 1752 alienum
1707 1681 1966 1763 locum,
2007 1701 2147 1749 non
2188 1688 2459 1770 poterat
2498 1689 2656 1771 post

269 1786 396 1861 τοῖς
460 1786 729 1861 κλεινᾶς
784 1785 1231 1880 ’Λρεθούσας
1302 1786 1537 1855 inferri
1595 1785 1904 1872 Ἀχαιῶν
1966 1809 2043 1852 τε
2086 1780 2359 1858 πλάτας
2412 1808 2651 1851 ναυσι-

266 1885 559 1982 πόρους.
652 1888 893 1978 Itaque
944 1910 1240 1960 necesse
1290 1899 1438 1960 erat
1489 1899 1564 1960 ut
1610 1889 2171 1980 interponeretur
2220 1885 2332 1954 hic
2381 1906 2651 1969 versuS‚

262 1991 633 2083 Ἀτρειδᾶν
679 1989 865 2085 (nam
913 1994 1221 2081 Ἀχαιῶν
1267 2014 1464 2063 error
1514 1992 1785 2062 scribae
1821 1988 2122 2082 videtur)
2171 1987 2511 2081 στρατιὰν
2564 1989 2656 2064 ὠς

270 2093 714 2184 κατιδοίμαν.
828 2096 967 2164 Iam
1032 2117 1203 2165 vero
1260 2097 1469 2167 etiam
1530 2095 1859 2188 strophae
1914 2114 2088 2186 opus
2143 2102 2291 2161 erat
2343 2091 2654 2161 inutilem

271 2218 553 2268 versum
605 2196 801 2283 addi,
857 2200 1046 2290 quod
1105 2201 1361 2269 factum
1412 2211 1521 2270 est
1572 2199 1680 2268 his
1734 2198 2000 2280 verbm,
2056 2197 2374 2265 κατεῖδον
2422 2194 2495 2264 δὲ
2541 2192 2650 2264 δύ’

269 2299 548 2369 Αἴαντε
587 2303 920 2397 συνέδρω.
987 2304 1424 2395 Sequebatur
1459 2297 1738 2373 tertium
1774 2323 1898 2394 par
1937 2298 2399 2401 stropharum,
2439 2296 2653 2388 quod

273 2402 601 2493 quoniam
638 2405 979 2506 scriptura
1016 2407 1258 2500 paucis
1303 2408 1368 2476 in
1408 2407 1642 2477 verbis
1681 2406 1956 2476 turbata
1994 2413 2166 2487 erat,
2207 2395 2658 2494 interpolator

273 2527 398 2597 pro
428 2507 656 2599 epodo
684 2508 995 2580 habitum
1024 2511 1424 2581 stultissima
1454 2531 1792 2601 equorum
1820 2506 2292 2599 descriptione
2315 2505 2650 2575 oneravit.

274 2608 374 2680 Ne
415 2611 660 2704 longus
698 2612 830 2683 sim
866 2614 935 2683 in
975 2636 1051 2685 re
1089 2625 1350 2708 aperta,
1390 2634 1645 2707 ponam
1681 2623 1904 2684 totum
1941 2631 2250 2693 carmen,
2291 2610 2496 2702 quale
2536 2630 2657 2679 ex-

271 2714 483 2784 clusis
520 2717 794 2809 ineptiis
834 2719 921 2788 ab
958 2718 1289 2811 Euripide
1326 2720 1718 2812 profectum
1752 2717 1949 2787 credi
1986 2715 2225 2808 possit.

569 2820 885 2911 ’Ἐμολον
922 2823 1108 2913 ἀμφὶ
1146 2820 1546 2917 παρακτίαν
2353 2842 2501 2910 στρ·
2527 2813 2588 2885 α’
2676 2838 2780 2898 P·⁸

583 2921 938 3013 ψάμαθον
973 2923 1291 3002 Ἀυλίδος
1327 2925 1600 3001 ἐναλίας

583 3025 916 3120 Εὐρίπου
954 3026 1072 3097 διὰ
1106 3027 1474 3118 χευμάτων

738 3132 1062 3216 κέλσασα,
1105 3124 1653 3224 ’στενόπορθμον

585 3232 908 3303 Χαλκίδα
945 3232 1148 3303 πόλιν
1185 3232 1364 3325 ἐμὰν
1399 3232 1841 3328 προλιποῦσ,

505 3417 509 3421 ,
587 3335 932 3425 ἀγχιάλων
969 3334 1247 3407 ὑδάτων
1284 3336 1560 3431 τροφὸν

740 3442 871 3517 τᾶς
907 3441 1172 3516 κλεινᾶς
1200 3433 1674 3534 Ἀρεθούσας·

589 3540 998 3614 πολύθυτον
1036 3542 1108 3612 δὲ
1144 3545 1225 3613 δι’
1268 3544 1477 3619 ἄλσος
1507 3543 1679 3637 Ἀρ·
2354 3540 2506 3608 ἀντ.
2528 3534 2587 3606 α’

586 3647 874 3737 τέμιδος
901 3645 1177 3742 ἤλυθον
1215 3648 1551 3740 ὀρομένα,

593 3748 1063 3843 φοινίσσουσα
1099 3750 1350 3844 παρῇδ’
1394 3749 1570 3839 ἐμὰν

748 3849 1044 3943 αἰσχύνᾳ
1083 3856 1437 3939 νεοθαλεῖ,

595 3954 888 4031 ἀσπίδος
924 3955 1152 4049 ἔρυμα
1188 3955 1305 4025 καὶ
1342 3954 1604 4033 κλισίας

593 4055 1038 4153 ὁπλοφόρους
1076 4058 1390 4129 Δαναῶν
1423 4059 1695 4129 θέλουσ’

751 4169 982 4232 ἵππων
1020 4162 1077 4231 τ’
1119 4162 1324 4250 ὄχλον
1362 4162 1671 4249 ἰδέσθαι,

589 4265 898 4354 Ἀχαιῶν
932 4291 1006 4334 τε
1046 4263 1315 4341 πλάτας
1349 4261 1851 4359 ναυσιπόρους,
2363 4286 2511 4331 στο.
2529 4260 2595 4353 β’

602 4368 681 4446 ἃς
718 4367 830 4439 ἐπὶ
879 4366 1150 4461 Τροίαν
1181 4368 1647 4458 Ἀγαμέμνων

603 4473 856 4542 στέλλει
891 4469 1248 4564 τιμωροὺς
1279 4470 1591 4559 “Ελένας,

600 4574 835 4670 Πάρις
871 4575 911 4644 ὁ
946 4570 1285 4667 βουκόλος
1322 4572 1411 4642 ἂν
1448 4571 1717 4666 ἔλαβεν,
