3328 5326
1270 434 1771 496 THEOCRITUS.
2565 435 2687 496 339

546 632 841 699 Νισαῖοι
875 628 1277 723 Μεγαρῆες,
1320 624 1806 721 ἀριστεύοντες
1840 630 2183 721 ἐρετμοῖς,

544 729 766 821 ὄλβιοι
804 728 1134 826 οἰκοίητε,
1177 727 1303 799 τὸν
1332 728 1661 799 Ἀττικὸν
1701 728 1792 804 ὥς
1825 728 2151 822 περίαλλα

544 838 768 915 ξεῖνον
802 829 1234 927 ἐτιμήσασθε
1268 832 1573 903 Διοκλέα
1608 830 1735 902 τὸν
1773 828 2180 923 φιλόπαιδα,

325 959 470 1007 nec
522 937 756 1030 plures
808 934 1007 1006 affert
1067 935 1477 1006 scholiastes
1528 934 2007 1027 Aristophanis
2061 935 2152 1005 ad
2214 935 2699 1005 Acharnenses

330 1064 404 1112 v.
442 1038 611 1112 774.
671 1040 912 1132 Neque
950 1060 1081 1130 ego
1120 1036 1539 1109 contendam
1574 1038 1682 1107 his
1719 1060 1859 1108 non
1901 1039 2066 1108 satis
2105 1059 2294 1108 esse:
2350 1048 2422 1108 et
2470 1049 2699 1109 tamen

331 1145 496 1236 quis
548 1164 687 1213 non
735 1143 1029 1212 libenter
1088 1151 1408 1234 quartum
1463 1142 1766 1234 aliquem*
1830 1142 2226 1235 acciperet?
2315 1143 2482 1226 Quis
2532 1163 2701 1212 vero

319 1246 643 1318 ‘affirmet
676 1255 958 1340 poetam
994 1267 1134 1316 non
1172 1243 1525 1315 addidisse
1562 1253 1882 1337 quartum
1926 1265 2229 1330 versum,
2268 1267 2406 1336 quo
2444 1243 2704 1338 signifi-

329 1351 610 1422 caverit
645 1351 739 1420 ita
775 1370 1147 1442 puerorum
1182 1358 1528 1419 amantem
1565 1349 1777 1419 fuisse
1813 1348 2160 1433 Dioclem,
2199 1358 2295 1434 ut,
2334 1370 2473 1441 quo
2510 1349 2704 1442 pueri

331 1454 708 1526 cuiusdam
744 1454 957 1523 vitam
995 1464 1338 1536 servaret,
1393 1452 1541 1546 ipse
1595 1461 1888 1521 mortem
1939 1452 2255 1535 subierit,
2312 1451 2502 1543 qnod
2547 1473 2708 1522 eum

338 1558 601 1629 fecisse
639 1558 852 1626 refert
888 1555 1294 1625 scholiastes
1333 1555 1704 1625 Theocriti:
1747 1565 1817 1624 et
1844 1555 2063 1625 videri
2104 1563 2334 1649 potest
2370 1554 2440 1624 id
2477 1555 2587 1624 ille
2618 1576 2712 1624 ex

335 1663 498 1755 ipso
535 1661 669 1730 hoc
707 1670 1027 1753 poemate
1066 1659 1396 1730 hausisse.
2468 1739 2481 1750 ,

556 1762 761 1834 Addo
825 1763 955 1833 alia
1018 1763 1356 1855 exempla.
1471 1762 1528 1831 D
1551 1763 1916 1832 ecimum
1983 1757 2339 1832 tertium
2403 1761 2707 1853 idyllion,
2732 1781 2847 1830 xm

337 1867 539 1960 quod
597 1867 687 1937 ad
737 1866 1000 1936 Niciam
1051 1866 1324 1958 scripsit
1372 1865 1776 1936 Theocritus
1823 1865 1912 1935 de
1966 1865 2262 1935 Hercule
2314 1874 2584 1958 raptum
2623 1866 2711 1933 ab

335 1970 677 2064 nymphis
725 1970 972 2062 Hylam
1025 1978 1440 2061 quaerente,
1492 1969 1796 2061 quinque
1842 1978 2073 2061 partes
2125 1968 2369 2054 habet,
2423 1988 2712 2060 quarum

337 2094 673 2167 quaeque
745 2073 1186 2143 exactissime
1258 2071 1657 2142 elaboratae
1729 2072 2168 2165 stropharum
2231 2071 2714 2165 descriptionis

337 2178 659 2271 speciem
696 2176 1005 2270 praebet,
1045 2176 1103 2246 si
1140 2175 1229 2245 de
1269 2177 1503 2246 ultima
1537 2196 1717 2268 quae
1754 2196 1895 2244 non
1944 2176 2211 2267 integra
2248 2197 2406 2246 esse
2443 2174 2720 2245 videtur

337 2304 449 2352 ex
483 2279 1064 2373 praecedentibus
1102 2278 1256 2372 capi
1294 2280 1692 2349 coniectura
1729 2287 1978 2371 potest.
2050 2280 2175 2348 Est
2211 2288 2441 2350 autem
2480 2300 2719 2348 emen-

331 2385 633 2456 datione
686 2383 895 2453 etiam
943 2392 1231 2475 quartae
1278 2403 1474 2475 opuS.
1567 2382 1739 2451 Nam
1789 2382 1942 2473 quis
1993 2382 2235 2453 credat
2282 2394 2561 2475 poetam
2614 2382 2720 2452 vel

339 2487 799 2559 mediocriter
835 2489 1129 2579 peritum
1168 2511 1225 2555 v.
1260 2487 1376 2557 62.
1412 2486 1587 2555 haec
1624 2485 2036 2578 scripsisse?

564 2591 655 2669 ὥς
694 2592 758 2659 δ’
802 2588 993 2660 ὁπότ’
1033 2592 1377 2687 ἠϋγένειος
1414 2584 1780 2685 ἀπόπροθι
1813 2590 1917 2667 λὶς
1952 2587 2328 2668 ἐςακούσας

566 2694 784 2788 νεβρῶ
823 2686 1319 2786 φθεγξαμένοις
1343 2718 1449 2769 τις
1485 2698 1558 2765 ἐν
1596 2694 1846 2788 ὤρεσιν
1885 2691 2263 2786 ὠμοφάγος
2296 2692 2399 2771 λὶς

566 2801 633 2878 ἐξ
670 2797 875 2873 εὐνᾶς
912 2798 1234 2867 ἔσπευσεν
1271 2793 1746 2886 ἐτοιμοτάταν
1781 2797 1893 2866 ἐπὶ
1933 2800 2170 2885 δαῖτα,

562 2900 943 2996 “Ηρακλεής
978 2902 1305 2976 τοιοῦτος
1339 2903 1413 2970 ἐν
1451 2898 1897 2993 ἀτρίπτοισιν
1935 2897 2281 2977 ἀκάνθαις

569 3004 782 3072 παῖδα
812 3003 1058 3080 ποθῶς
1085 3000 1444 3097 ὃεὸόνητο,
1478 3002 1697 3072 πολὺν
1725 3004 1783 3070 δ’
1817 3001 2242 3093 ἐπελάμβανε
2268 3004 2537 3096 χῶρον.·

346 3108 774 3178 Perversum
800 3126 958 3175 esse
980 3104 1362 3199 Ἡρακλέης
1385 3104 1743 3191 τοιοῦτος,
1777 3103 1967 3195 quod
1994 3106 2326 3181 τοιοῦτος
2347 3105 2731 3198 Ἡρακλέης

343 3207 739 3282 dicendum
796 3208 1027 3293 fuerit,
1078 3210 1213 3277 iam
1266 3209 1333 3277 in
1379 3207 1634 3276 scholis
1672 3207 2097 3276 Theocriteis
2136 3206 2550 3299 significavi,
2603 3206 2731 3276 sed

345 3335 506 3384 non
545 3312 1194 3396 animadverteram,
1232 3320 1307 3381 ut
1342 3300 1637 3403 protasis
1676 3320 1815 3380 tres
1854 3331 2099 3381 versus
2137 3310 2461 3396 haberet,
2514 3310 2615 3380 sic
2667 3310 2730 3378 ei

347 3415 706 3511 apodosin
744 3415 1027 3486 totidem
1072 3415 1382 3485 versibus
1422 3413 1703 3506 adiungi
1758 3413 2106 3485 debuisse.
2191 3414 2265 3484 Id
2315 3436 2478 3484 vero
2526 3414 2734 3485 etiam

345 3519 804 3613 stropharum
869 3518 1292 3611 comparatio
1353 3518 1590 3612 exigit.
1697 3517 1953 3587 Versus
2023 3519 2191 3588 istos
2260 3519 2359 3588 sic
2427 3540 2467 3588 a
2529 3528 2734 3611 poeta

343 3624 663 3716 scriptos
700 3644 857 3693 esse
895 3621 1138 3693 credo:

575 3726 667 3802 ὠς
704 3728 769 3795 δ’
812 3724 1004 3797 ὁπότ’
1043 3727 1390 3821 ἠϋγένειος
1425 3729 1499 3795 ἐν
1536 3723 1786 3819 ὤρεσιν
1825 3723 2203 3816 ὠμοφάγος
2238 3725 2341 3802 λὶς

578 3830 798 3921 νεβρῶ
838 3828 1322 3921 φθεγξαμένοις
1360 3827 1464 3898 ὄπ’
1508 3828 1920 3921 ἀπόπροθεν
1958 3824 2041 3904 ἇς
2077 3825 2453 3905 ἐςακούσας

578 3936 646 4014 ἐξ
684 3933 887 4008 εὐνᾶς
923 3930 1246 4001 ἔσπευσεν
1283 3928 1758 4022 ἐτοιμοτάταν
1794 3929 1904 4000 ἐπὶ
1942 3933 2176 4016 δαῖτα,

572 4139 979 4233 ἹΙρακλέης,
1022 4137 1379 4233 τημοῦτος
1414 4142 1488 4206 ἐν
1526 4136 1973 4231 ἀτρίπτοισιν
2012 4136 2360 4213 ἀκάνθαις

581 4241 799 4310 παῖδα
825 4241 1074 4310 ποθῶν
1103 4235 1464 4335 δεὸόνητο,
1497 4239 1720 4310 πολὺν
1748 4241 1808 4309 δ’
1842 4237 2265 4331 ἐπελάμβανε
2295 4240 2548 4336 χῶρον.

357 4345 481 4417 An
512 4354 705 4413 recte
744 4364 819 4412 se
855 4343 1109 4412 habeat
1135 4340 1561 4435 ἐπελάμβανε
1597 4342 1895 4413 dubitari
1925 4353 2177 4436 potest,
2210 4365 2341 4413 nec
2372 4344 2744 4416 diiudicem
2764 4369 2813 4419 p·
2836 4358 2895 4402 ⁴3

359 4449 509 4520 nisi
548 4456 825 4539 reperto
864 4468 1072 4517 versu
1108 4447 1228 4538 qui
1264 4446 1484 4517 deest.
1572 4448 1684 4516 Sic
1721 4457 2046 4539 quattuor
2079 4448 2387 4540 priorum
2425 4446 2746 4518 carminis

361 4551 674 4648 partium
717 4549 891 4619 haec
928 4550 1056 4619 erit
1092 4550 1529 4643 stropharum
1568 4550 1961 4643 dispositio:
2006 4552 2072 4622 2.
2118 4553 2186 4623 2.
2238 4556 2302 4623 5.
2356 4553 2421 4624 2.
2466 4553 2531 4622 2.
2572 4551 2637 4620 2.
2677 4550 2741 4616 5.

366 4659 449 4731 2.
491 4656 561 4728 2.
615 4654 626 4745 Ι
677 4657 741 4724 5.
787 4655 852 4726 2.
898 4646 974 4725 23
1009 4654 1076 4725 2.
1121 4655 1189 4726 2.
1237 4656 1302 4724 5.
1357 4649 1365 4751 Ι
1433 4657 1498 4725 5.
1546 4657 1610 4724 5.
1682 4656 1693 4746 Ι
1757 4655 1822 4726 2.
1872 4657 1937 4724 3.
1984 4657 2046 4724 3.
2095 4658 2160 4726 3.
2208 4659 2271 4726 3.
2318 4657 2385 4727 2.
2453 4649 2460 4750 Ι
2521 4651 2752 4721 Relin-

2224 4772 2339 4834 We
