3328 5326
705 367 728 427 1
745 366 827 427 96
1657 365 2121 429 SOPHOCLES.

706 569 825 630 aut
868 556 955 627 οὔ
1001 582 1197 634 τινος
1246 566 1409 627 ante
1460 557 1545 626 οὐ
1596 557 1798 652 χερὸς
1848 560 2044 651 poni,
2085 567 2206 629 aut
2241 557 2379 628 alia
2416 556 2686 627 ratione
2723 555 3066 626 emendari

705 659 1135 755 postulabat3
1189 659 1447 731 deinde
1495 659 1696 756 ἀλεής
1743 660 1999 751 ὕπνος,
2057 661 2247 754 quod
2285 660 2611 753 exemplo
2661 669 2881 741 caret;
2936 668 3069 729 tum

709 766 918 835 etiam
968 762 1161 855 quod
1214 766 1500 855 φθέγγει
1548 766 1748 835 eieci.
1829 764 2028 835 Nunc
2074 765 2244 835 illud
2295 774 2601 856 systema
2637 764 2737 832 sic
2775 762 3075 832 scriben-

711 867 879 939 dum
914 876 1115 959 puto:

1022 964 1233 1064 οὖρός
1266 995 1409 1059 τοι,
1452 969 1723 1056 τέκνον,
1767 965 2005 1065 οὖρος·
2050 969 2227 1067 ἀνὴρ
2265 972 2326 1039 δ’
2368 969 2470 1040 ὅδ’
2515 970 2663 1039 οἶν-ι

1024 1068 1373 1164 όμματος,
1416 1072 1564 1141 οὐδ’
1605 1071 1692 1141 ἔτ’
1733 1072 1906 1161 ἔχων
1940 1071 2062 1144 τίν’
2109 1072 2388 1165 ἀρωγὰν

1025 1176 1110 1245 οὐ
1146 1171 1375 1270 χερός,
1418 1176 1504 1245 οὐ
1540 1172 1782 1260 ποδός,
1822 1172 2104 1254 οὗτινος
2140 1176 2401 1270 ἄρχων,

1026 1277 1192 1349 ἀλλά
1229 1303 1338 1355 τις
1373 1279 1466 1355 ὥς
1495 1277 1705 1369 Ἀΐδᾳ
1740 1277 2244 1372 παρακείμενος

1024 1381 1411 1452 ἐκτέταται·
1453 1377 1695 1470 νύχιος
1732 1383 1793 1452 δ’
1837 1381 2039 1476 ἀδεὴς
2075 1381 2292 1459 ὕπνος

560 1515 698 1581 μη
1028 1481 1279 1560 ἐσθλὸς
1312 1485 1410 1554 ἐπ’
1451 1483 1651 1578 ἔργῳ·
1697 1484 1858 1578 ὅρα,
1901 1485 2127 1575 βλέπε·
2168 1483 2407 1579 καίρια
2443 1486 2535 1554 δ’·

1029 1586 1113 1655 οὐ
1154 1586 1480 1680 φθέγγει,
1519 1586 1604 1656 τὸ
1640 1587 1702 1655 δ’
1745 1582 2106 1679 ἁλώσιμον
2141 1588 2290 1679 ἀμᾷ

1033 1685 1388 1784 φροντίδι,
1432 1694 1588 1777 παῖ,
1629 1686 1850 1767 πόνος

1032 1793 1072 1862 ὁ
1112 1790 1211 1887 μὴ
1251 1793 1496 1884 φοβῶν
1531 1790 1931 1887 κράτιστος.

723 1900 798 1969 In
849 1897 961 1967 his
1014 1891 1183 1966 ἀλλά
1230 1920 1339 1972 τις
1395 1895 1489 1972 ὠς
1527 1895 1737 1987 Ἀΐδᾳ
1772 1895 2132 1966 Wundero
2185 1896 2501 1969 debetur.
2591 1895 2834 1991 Ἀδεὴς
2873 1904 3094 1966 autem

723 2001 1082 2096 praeclara
1114 2008 1221 2068 est
1248 1998 1668 2082 emendati0‚
1690 2020 1901 2090 quam
1926 2020 2204 2070 mecum
2232 2001 2774 2071 communicavit
2791 1999 3095 2069 G.Bern-

725 2103 970 2196 hardy.
1040 2100 1250 2186 Quod
1284 2102 1383 2172 ἐπ’
1425 2101 1595 2197 ἔργῳ
1634 2101 1901 2186 addidi,
1939 2123 2078 2174 non
2118 2104 2250 2173 feci
2287 2104 2477 2196 quod
2513 2103 2586 2174 id
2622 2112 2814 2173 certo
2854 2103 2943 2172 ab
2982 2103 3101 2172 So-

726 2207 978 2303 phocle
1031 2206 1338 2299 positum
1387 2207 1778 2298 putaverim
1795 2259 1812 2290 ,
1868 2206 1994 2277 sed
2048 2206 2239 2299 quod
2287 2229 2372 2277 eo
2420 2207 2681 2278 ducere
2731 2206 3101 2276 videbatur

730 2311 1106 2405 explicatio
1162 2308 1607 2379 scholiastae:
1675 2308 1895 2386 ὕπνος
1949 2306 2320 2405 σύμφορος
2367 2310 2543 2406 ἡμῖν
2592 2314 2742 2380 ε’στι
2792 2309 2909 2379 καὶ
2962 2312 3102 2385 τοῖς

734 2409 1141 2509 πράγμασιν
1179 2409 1475 2500 ἁγαθός.

941 2514 1018 2584 V.
1055 2516 1226 2584 895.
1258 2513 1567 2583 scribere
1604 2512 1983 2583 debebam:

1045 2615 1130 2688 τί
1154 2617 1332 2712 δῆτα
1368 2616 1580 2710 δρῷμ’
1621 2616 1710 2687 ἂν
1744 2616 1787 2714 ἢ
1823 2618 2048 2709 λε’γοιν
2082 2618 2462 2691 τούνθένδε
2495 2645 2608 2713 γε,

738 2724 929 2794 Haec
983 2721 1271 2814 optativi
1324 2721 1583 2805 forma,
1632 2720 1725 2790 de
1765 2742 1906 2813 qua
1942 2721 2166 2815 Etym.
2208 2723 2296 2793 M.
2342 2725 2414 2793 in
2462 2724 2793 2818 τρέφοιν,
2849 2732 2922 2792 et
2956 2721 3114 2791 Por-

739 2847 957 2899 sonus
1004 2826 1076 2894 in
1112 2824 1415 2895 Dobraei
1453 2822 1800 2895 addendis
1840 2824 1932 2895 ad
1966 2825 2316 2920 Aristoph.
2349 2826 2622 2900 Eccles.
2660 2825 2832 2898 607.
2867 2826 3114 2916 aliique

741 2931 1104 3012 dixerunt,
1155 2930 1459 3021 reposita
1508 2949 1549 2998 a
1599 2949 1715 2998 me
1764 2930 1834 2999 in
1884 2928 2237 3023 Euripidis
2287 2930 2550 3001 Helena
2599 2950 2668 3001 v.
2711 2928 2886 3002 271.
2919 2929 3117 2998 resti-

743 3032 1007 3108 tuenda
1042 3043 1152 3103 est
1186 3032 1393 3104 etiam
1431 3030 1706 3125 Diphilo
1745 3033 1933 3126 apud
1967 3032 2406 3104 Athenaeum
2440 3033 2709 3127 X111.p.
2748 3035 2919 3103 581.
2954 3032 3023 3100 F.

1056 3131 1172 3206 υιὰ
1207 3136 1407 3207 τοῦθ’
1448 3135 1788 3228 ὑπέμεινα
1823 3136 2000 3207 πολὺ
2036 3137 2347 3262 λαβοῦσα
2387 3136 2707 3231 χρυσίον,

1056 3235 1541 3359 ἐφιλοσόφησά
1578 3241 1647 3310 θ’
1654 3288 1681 3328 ,
1726 3240 1806 3308 ἵν
1848 3239 2063 3364 ἄκρον
2101 3239 2194 3318 ὥς
2228 3234 2537 3331 μᾶλιστα
2571 3238 2684 3310 καὶ

1033 3334 1424 3441 ἐλάχιστον
1462 3341 1686 3412 αὑτοῦ
1723 3339 2130 3435 περιλάβοιν
2163 3342 2293 3412 τοῦ
2333 3338 2687 3433 σώματος.

960 3445 1158 3528 Quae
1194 3466 1260 3513 v.
1295 3446 1466 3514 915.
1501 3443 1671 3514 dicit
1704 3443 2230 3536 Neoptolemus.

1066 3546 1268 3616 οὐδέν
1305 3571 1381 3617 σε
1413 3542 1688 3638 κρύψω·
1731 3548 1835 3616 δεῖ
1865 3544 1998 3641 γὰρ
2034 3550 2103 3625 ἐς
2150 3545 2420 3642 Τροίαν
2463 3572 2538 3617 σε
2571 3551 2763 3618 πλεῖν

1064 3648 1244 3742 πρὸς
1278 3646 1445 3725 τοὺς
1473 3647 1810 3738 Ἀχαίὸυς
1845 3648 1960 3719 καὶ
1996 3648 2124 3720 τὸν
2153 3650 2533 3745 Ἀτρειδῶν
2570 3648 2848 3738 στόλον,

759 3777 853 3828 ex
900 3753 1009 3825 his
1060 3762 1332 3823 tantum
1377 3750 1574 3822 abest
1622 3761 1702 3821 ut
1747 3753 2091 3844 posterior
2140 3773 2389 3824 versus
2441 3753 2828 3825 eiiciendus
2880 3755 3003 3838 sit,
3059 3761 3128 3823 ut

760 3861 912 3931 eius
961 3856 1353 3929 adiectione
1404 3855 1660 3925 eximie
1711 3855 2095 3926 ostenderit
2133 3856 2552 3949 SophocleS‚
2600 3876 2811 3949 quam
2854 3857 3127 3950 penitus

726 3957 731 3962 ’
760 3970 1200 4055 perspectam
1235 3958 1558 4030 hahuerit
1591 3959 1802 4029 animi
1837 3958 2123 4030 humani
2159 3971 2498 4031 naturam.
2585 3960 2761 4030 Nam
2810 3961 2930 4031 uhi
2983 3960 3131 4052 quis

766 4065 984 4135 semel
1030 4063 1118 4134 ab
1167 4085 1245 4134 se
1295 4063 1693 4154 impetravit
1735 4071 1815 4132 ut
1860 4065 2170 4155 proferat
2203 4063 2393 4155 quod
2429 4064 2660 4135 celare
2696 4065 2930 4135 iussus
2967 4071 3130 4147 erat,

768 4168 940 4251 iam,
991 4168 1193 4258 quasi
1242 4166 1643 4259 expiaturus
1687 4185 1829 4235 non
1879 4176 2071 4238 recte
2121 4168 2413 4251 factum,
2464 4187 2607 4237 non
2658 4165 2955 4260 aliquid,
3009 4163 3131 4237 sed

769 4269 1002 4340 omnia
1037 4271 1227 4362 cupit
1261 4267 1642 4340 effundere.
1719 4268 1902 4340 Nihil
1940 4270 2032 4341 ad
2067 4291 2216 4341 rem
2252 4270 2516 4341 faciunt
2547 4292 2616 4340 v.
2654 4273 2822 4346 112.
2857 4269 3030 4342 941.

974 4371 1254 4452 Mirum,
1304 4370 1492 4464 quod
1530 4373 1796 4464 spuria,
1833 4382 2189 4467 tamquam
2224 4372 2607 4458 cadavera,
2662 4375 2967 4446 olfacere
3017 4391 3135 4465 ge-
3270 4338 3274 4409 ἶ

775 4477 1062 4547 stientes
1098 4475 1325 4546 nullus
1362 4473 1626 4545 afflavit
1659 4475 1836 4546 odor
1872 4498 1965 4547 ex
1999 4497 2241 4560 versu,
2278 4477 2399 4568 qui
2443 4476 2719 4549 medius
2756 4489 2864 4549 est
2897 4479 2968 4548 in
3004 4475 3129 4557 his,

775 4599 957 4673 quae
990 4600 1060 4648 v.
1093 4578 1263 4647 938.
1295 4579 1648 4671 leguntur:

3270 4348 3274 4493 3

3270 4496 3274 4709 l
