3328 5326
701 382 825 444 432
927 381 1032 442 DE
1063 379 1409 443 MADVIGH
1437 379 1790 442 INTERPR.
1822 376 2216 452 QUARUND.
2249 379 2478 441 VERBI
2508 377 2676 440 LAT.
2713 380 2943 441 FORM.

700 572 804 643 Ex
840 594 927 643 00
964 571 1385 644 coniunctivi
1413 570 1806 643 terminatio
1843 580 1952 643 est
1985 569 2163 641 uim.-
2203 570 2388 641 unde
2427 572 2859 664 grammatici
2894 570 3065 642 duim

700 686 893 747 recte
930 675 1359 768 interpretati
1395 686 1556 746 sunt
1591 673 1909 745 dederim.
1984 673 2263 747 Plautus
2297 673 2551 767 Amph.
2583 675 2659 744 11.
2696 675 2767 758 2,
2799 677 2918 744 39.

860 846 865 851 ,
2140 776 2202 847 si
2234 775 2507 848 situlam
2541 799 2798 872 cepere,

904 903 1265 974 numquam
1301 879 1532 975 edepol
1567 887 1637 950 tu
1672 878 1838 949 mihi
1875 878 2084 951 divini
2120 878 2379 951 creduis
2407 888 2564 974 post
2595 879 2773 951 hune
2808 879 3003 966 diem,

905 983 978 1053 ni
1014 1007 1129 1078 090
1163 983 1269 1054 illi
1300 992 1527 1078 putee,
1563 983 1624 1055 si
1660 1006 1955 1077 eampse,
1987 982 2281 1054 animam
2317 1007 2575 1054 omnem
2607 983 3058 1069 intarta-amero,

700 1087 789 1157 Et
824 1087 893 1155 in
928 1086 1282 1158 Aulularia
1321 1087 1427 1157 IV.
1463 1091 1530 1171 6,
1566 1086 1631 1157 4.

905 1190 1105 1260 nimis
1139 1189 1356 1261 hercle
1392 1214 1508 1284 090
1548 1189 1741 1261 illum
1778 1212 2044 1260 corvum
2079 1189 2169 1259 ad
2203 1212 2307 1259 me
2342 1189 2563 1261 veniat
2594 1189 2815 1275 velim,

909 1293 1022 1386 qui
1055 1293 1377 1364 indicium
1411 1293 1588 1388 feeit,
1626 1293 1732 1364 illi
1767 1316 1882 1388 090
1918 1300 1993 1362 ut
2028 1292 2283 1387 aliquid
2319 1292 2472 1363 boni

907 1395 1157 1468 dicam.-
1194 1420 1354 1468 nam
1389 1396 1564 1492 quod
1600 1396 1756 1482 edit,
1794 1404 1931 1468 tam
1966 1396 2154 1467 duim
2188 1418 2388 1490 quam
2413 1395 2751 1491 perduim.

699 1499 790 1568 Et
825 1499 892 1568 in
930 1501 1320 1572 Mercatore
1355 1502 1431 1571 ΙΙ.
1468 1504 1537 1585 3,
1572 1500 1691 1571 67.

905 1627 989 1674 ne
1023 1603 1197 1689 duis,
1235 1627 1364 1675 neu
1399 1612 1459 1674 te
1496 1600 1838 1674 advexisse
1874 1602 2145 1674 disceris.

702 1706 816 1778 Sic
865 1706 1224 1778 interduim
1273 1709 1344 1778 in
1393 1707 1679 1778 Rud.11.
1715 1707 1784 1791 7,
1825 1708 1945 1779 22.
1989 1708 2166 1776 Trin.
2215 1706 2322 1776 IV.
2367 1708 2437 1791 2,
2483 1708 2649 1780 152.
2742 1707 3059 1780 Futurum

702 1819 1028 1882 exactum
1065 1822 1298 1883 autem
1333 1835 1418 1881 uo
1456 1811 1689 1896 habet,
1727 1810 1804 1882 ut
1840 1812 1909 1881 in
1945 1808 2300 1881 Aulularia
2336 1811 2442 1880 III.
2478 1813 2547 1895 6,
2582 1809 2699 1881 48.

912 1911 1130 1999 mdes,
1168 1913 1406 1986 novisti
1441 1937 1545 1984 me
1579 1921 1640 1984 et
1676 1937 1791 2008 090
1830 1921 1923 1984 te:
1961 1937 2115 1985 cave
2149 1912 2243 1984 sis
2281 1912 2421 1999 tibi,

908 2040 992 2087 ne
1023 2016 1098 2087 in
1130 2041 1235 2090 me
1269 2017 1578 2088 mutassis
1613 2038 1873 2102 nomen,
1911 2016 1971 2088 si
2005 2016 2127 2088 hoe
2162 2016 2547 2088 concredito,

701 2124 791 2196 Et
824 2122 896 2191 in
935 2120 1237 2214 Captivis
1273 2123 1380 2192 111.
1415 2124 1484 2206 5,
1518 2123 1637 2193 33.

876 2225 1171 2319 -quando
1209 2249 1324 2319 090
1362 2233 1421 2295 te
1458 2223 1779 2318 exemplis
1804 2222 2137 2319 pessumis
2173 2222 2574 2309 cruciaver0‚

793 2397 803 2404 .
911 2337 1101 2423 atque
1137 2327 1216 2399 ob
1253 2328 1502 2400 sutelas
1538 2335 1687 2400 tuas
1723 2335 1781 2398 te
1817 2326 2014 2398 morti
2047 2327 2313 2412 misero,

907 2431 1012 2502 vel
1044 2440 1106 2505 ,te
1140 2431 1441 2503 interisse
1476 2432 1578 2502 vel
1605 2431 1866 2526 perisse
1892 2430 2305 2526 praedicent,

911 2536 1070 2605 dum
1095 2558 1361 2629 pereae,
1397 2534 1570 2605 nihil
1603 2534 1931 2618 interdiu),
1972 2533 2157 2604 aiant
2190 2532 2426 2604 vivere.
2477 2525 2482 2531 ’

913 2637 983 2708 Si
1017 2637 1219 2723 haec,
1251 2658 1429 2730 quae
1467 2638 1786 2723 disserui,
1815 2659 1975 2708 vera
2011 2647 2195 2723 sunt,
2226 2637 2673 2729 consequitur
2708 2647 2788 2710 ut
2822 2641 3061 2724 futura,

706 2761 884 2834 quae
934 2742 1005 2810 in
1053 2765 1127 2811 30
1177 2742 1292 2812 vel
1339 2765 1424 2811 uo
1479 2751 1769 2827 exeunt,
1822 2764 1963 2813 non
2000 2742 2367 2836 simplicia,
2406 2742 2534 2813 sed
2569 2753 2817 2814 exacta
2852 2745 3067 2816 futura

706 2845 879 2930 sint,
939 2845 1361 2917 coniunctivi
1414 2854 1644 2917 autem
1697 2846 1767 2914 in
1816 2845 1911 2916 im
1965 2846 2311 2917 terminati
2364 2868 2506 2917 non
2558 2847 2696 2917 sint
2747 2847 3065 2942 temporis

705 2949 939 3034 futuri,
977 2949 1107 3020 sed
1141 2950 1492 3043 praeteriti
1530 2949 1841 3042 perfecti.
