<?xml version="1.0" encoding="UTF-8"?>
<!DOCTYPE html PUBLIC "-//W3C//DTD XHTML 1.0 Transitional//EN"
    "http://www.w3.org/TR/xhtml1/DTD/xhtml1-transitional.dtd">
<html xmlns="http://www.w3.org/1999/xhtml" xml:lang="en" lang="en">
 <head>
  <title>
</title>
<meta http-equiv="Content-Type" content="text/html;charset=utf-8" />
  <meta name='ocr-system' content='tesseract 3.04.00' />
  <meta name='ocr-capabilities' content='ocr_page ocr_carea ocr_par ocr_line ocrx_word'/>
</head>
<body>
  <div class='ocr_page' id='page_1' title='image "./godofrediherman02hermgoog/godofrediherman02hermgoog_0240.png"; bbox 0 0 3328 5326; ppageno 0'>
   <div class='ocr_carea' id='block_1_1' title="bbox 547 2336 641 2396">
    <p class='ocr_par' dir='ltr' id='par_1_1' title="bbox 547 2336 641 2396">
     <span class='ocr_line' id='line_1_1' title="bbox 547 2336 641 2396; baseline -0.021 -14"><span class='ocrx_word' id='word_1_1' title='bbox 547 2336 641 2396; x_wconf 57' lang='lat' dir='ltr'>px:</span> 
     </span>
    </p>
   </div>
   <div class='ocr_carea' id='block_1_2' title="bbox 663 330 2135 421">
    <p class='ocr_par' dir='ltr' id='par_1_2' title="bbox 663 330 2135 421">
     <span class='ocr_line' id='line_1_2' title="bbox 663 330 2135 421; baseline -0.002 -1"><span class='ocrx_word' id='word_1_2' title='bbox 663 360 787 421; x_wconf 71' lang='lat'>222</span> <span class='ocrx_word' id='word_1_3' title='bbox 1641 356 2072 419; x_wconf 77' lang='lat' dir='ltr'>Eumrlosss.</span> <span class='ocrx_word' id='word_1_4' title='bbox 2119 330 2135 346; x_wconf 84' lang='lat'><em>&#39;</em></span> 
     </span>
    </p>
   </div>
   <div class='ocr_carea' id='block_1_3' title="bbox 664 550 3058 4674">
    <p class='ocr_par' dir='ltr' id='par_1_3' title="bbox 664 550 3046 1572">
     <span class='ocr_line' id='line_1_3' title="bbox 1075 550 2412 643; baseline -0.001 -24"><span class='ocrx_word' id='word_1_5' title='bbox 1075 550 1188 619; x_wconf 82' lang='grc' dir='ltr'><strong><em>καὶ</em></strong></span> <span class='ocrx_word' id='word_1_6' title='bbox 1225 551 1374 626; x_wconf 79' lang='grc' dir='ltr'><strong><em>πῶς</em></strong></span> <span class='ocrx_word' id='word_1_7' title='bbox 1401 550 1716 638; x_wconf 78' lang='grc' dir='ltr'><strong><em>Ἀχιλεύς</em></strong></span> <span class='ocrx_word' id='word_1_8' title='bbox 1749 551 2049 643; x_wconf 73' lang='grc' dir='ltr'><strong><em>λέκτρων</em></strong></span> <span class='ocrx_word' id='word_1_9' title='bbox 2088 551 2412 620; x_wconf 73' lang='grc' dir='ltr'><strong><em>ἀπλακὼν</em></strong></span> 
     </span>
     <span class='ocr_line' id='line_1_4' title="bbox 1078 652 2223 749; baseline 0.002 -27"><span class='ocrx_word' id='word_1_10' title='bbox 1078 652 1159 722; x_wconf 78' lang='grc' dir='ltr'>οὐ</span> <span class='ocrx_word' id='word_1_11' title='bbox 1197 654 1374 743; x_wconf 71' lang='grc' dir='ltr'><strong><em>μέγα</em></strong></span> <span class='ocrx_word' id='word_1_12' title='bbox 1413 656 1657 745; x_wconf 76' lang='grc' dir='ltr'><strong><em>φυσῶν</em></strong></span> <span class='ocrx_word' id='word_1_13' title='bbox 1697 653 1938 744; x_wconf 73' lang='grc' dir='ltr'><strong><em>θυμὸν</em></strong></span> <span class='ocrx_word' id='word_1_14' title='bbox 1979 658 2223 749; x_wconf 78' lang='grc' dir='ltr'><strong><em>ἐπαρεῖ</em></strong></span> 
     </span>
     <span class='ocr_line' id='line_1_5' title="bbox 1287 754 2419 849; baseline 0 -23"><span class='ocrx_word' id='word_1_15' title='bbox 1287 755 1400 826; x_wconf 78' lang='grc' dir='ltr'>σοὶ</span> <span class='ocrx_word' id='word_1_16' title='bbox 1439 757 1524 847; x_wconf 83' lang='grc' dir='ltr'>σῇ</span> <span class='ocrx_word' id='word_1_17' title='bbox 1563 758 1616 825; x_wconf 85' lang='grc' dir='ltr'>τ’</span> <span class='ocrx_word' id='word_1_18' title='bbox 1660 755 1925 849; x_wconf 66' lang='grc' dir='ltr'><strong><em>ἀλόχῳ,</em></strong></span> <span class='ocrx_word' id='word_1_19' title='bbox 1965 755 2124 826; x_wconf 72' lang='grc' dir='ltr'><strong><em>τόδε</em></strong></span> <span class='ocrx_word' id='word_1_20' title='bbox 2163 754 2419 827; x_wconf 70' lang='grc' dir='ltr'>δεινόν.</span> 
     </span>
     <span class='ocr_line' id='line_1_6' title="bbox 664 858 3044 953; baseline -0 -24"><span class='ocrx_word' id='word_1_21' title='bbox 664 860 1095 953; x_wconf 88' lang='lat' dir='ltr'>lneptissime</span> <span class='ocrx_word' id='word_1_22' title='bbox 1147 860 1361 942; x_wconf 88' lang='lat' dir='ltr'>enim,</span> <span class='ocrx_word' id='word_1_23' title='bbox 1403 859 1544 929; x_wconf 88' lang='lat' dir='ltr'>sive</span> <span class='ocrx_word' id='word_1_24' title='bbox 1582 859 2035 953; x_wconf 88' lang='lat' dir='ltr'>interpolator</span> <span class='ocrx_word' id='word_1_25' title='bbox 2072 861 2128 930; x_wconf 90' lang='lat' dir='ltr'>is</span> <span class='ocrx_word' id='word_1_26' title='bbox 2167 860 2322 943; x_wconf 84' lang='lat' dir='ltr'>fuit,</span> <span class='ocrx_word' id='word_1_27' title='bbox 2376 860 2526 930; x_wconf 92' lang='lat' dir='ltr'>sive</span> <span class='ocrx_word' id='word_1_28' title='bbox 2565 858 2808 950; x_wconf 90' lang='lat' dir='ltr'>aliquis</span> <span class='ocrx_word' id='word_1_29' title='bbox 2847 860 3044 928; x_wconf 82' lang='lat' dir='ltr'>metri</span> 
     </span>
     <span class='ocr_line' id='line_1_7' title="bbox 665 961 3041 1059; baseline -0.001 -26"><span class='ocrx_word' id='word_1_30' title='bbox 665 964 987 1035; x_wconf 86' lang='lat' dir='ltr'>indoctus</span> <span class='ocrx_word' id='word_1_31' title='bbox 1025 975 1409 1045; x_wconf 90' lang='lat' dir='ltr'>corrector,</span> <span class='ocrx_word' id='word_1_32' title='bbox 1450 973 1521 1031; x_wconf 90' lang='lat' dir='ltr'>et</span> <span class='ocrx_word' id='word_1_33' title='bbox 1555 962 1689 1058; x_wconf 74' lang='grc' dir='ltr'><strong><em>γὰρ</em></strong></span> <span class='ocrx_word' id='word_1_34' title='bbox 1728 964 2139 1056; x_wconf 79' lang='lat' dir='ltr'>interposuit</span> <span class='ocrx_word' id='word_1_35' title='bbox 2176 975 2247 1033; x_wconf 90' lang='lat' dir='ltr'>et</span> <span class='ocrx_word' id='word_1_36' title='bbox 2283 964 2394 1034; x_wconf 88' lang='lat' dir='ltr'>illa</span> <span class='ocrx_word' id='word_1_37' title='bbox 2434 962 2720 1047; x_wconf 86' lang='lat' dir='ltr'>adiecit,</span> <span class='ocrx_word' id='word_1_38' title='bbox 2765 961 3041 1059; x_wconf 79' lang='grc' dir='ltr'><strong><em>σήμαιν’</em></strong></span> 
     </span>
     <span class='ocr_line' id='line_1_8' title="bbox 664 1064 3046 1162; baseline -0.001 -24"><span class='ocrx_word' id='word_1_39' title='bbox 664 1068 704 1138; x_wconf 89' lang='grc' dir='ltr'><em>ὅ</em></span> <span class='ocrx_word' id='word_1_40' title='bbox 739 1096 811 1138; x_wconf 84' lang='grc' dir='ltr'>τι</span> <span class='ocrx_word' id='word_1_41' title='bbox 850 1064 1011 1162; x_wconf 81' lang='grc' dir='ltr'><strong><em>φής.</em></strong></span> <span class='ocrx_word' id='word_1_42' title='bbox 1106 1067 1374 1137; x_wconf 90' lang='lat' dir='ltr'>Eodem</span> <span class='ocrx_word' id='word_1_43' title='bbox 1425 1066 1636 1137; x_wconf 90' lang='lat' dir='ltr'>modo</span> <span class='ocrx_word' id='word_1_44' title='bbox 1684 1088 1932 1137; x_wconf 86' lang='lat' dir='ltr'>versus</span> <span class='ocrx_word' id='word_1_45' title='bbox 1974 1069 2142 1147; x_wconf 79' lang='grc'><strong>451.</strong></span> <span class='ocrx_word' id='word_1_46' title='bbox 2191 1089 2284 1137; x_wconf 82' lang='lat' dir='ltr'>ex</span> <span class='ocrx_word' id='word_1_47' title='bbox 2335 1068 2766 1160; x_wconf 79' lang='lat' dir='ltr'>praegressis</span> <span class='ocrx_word' id='word_1_48' title='bbox 2814 1065 3046 1137; x_wconf 77' lang='lat' dir='ltr'>verbis</span> 
     </span>
     <span class='ocr_line' id='line_1_9' title="bbox 664 1169 2156 1263; baseline -0.001 -22"><span class='ocrx_word' id='word_1_49' title='bbox 664 1173 1027 1241; x_wconf 87' lang='lat' dir='ltr'>confectus</span> <span class='ocrx_word' id='word_1_50' title='bbox 1065 1180 1193 1256; x_wconf 91' lang='lat' dir='ltr'>est,</span> <span class='ocrx_word' id='word_1_51' title='bbox 1233 1191 1371 1263; x_wconf 90' lang='lat' dir='ltr'>quo</span> <span class='ocrx_word' id='word_1_52' title='bbox 1410 1169 1637 1241; x_wconf 83' lang='lat' dir='ltr'>eiecto</span> <span class='ocrx_word' id='word_1_53' title='bbox 1675 1170 2156 1241; x_wconf 86' lang='lat' dir='ltr'>scribendum:</span> 
     </span>
     <span class='ocr_line' id='line_1_10' title="bbox 1283 1271 2265 1369; baseline 0 -27"><span class='ocrx_word' id='word_1_54' title='bbox 1283 1274 1370 1368; x_wconf 80' lang='grc' dir='ltr'>ἢν</span> <span class='ocrx_word' id='word_1_55' title='bbox 1406 1271 1539 1368; x_wconf 70' lang='grc' dir='ltr'><strong><em>γὰρ</em></strong></span> <span class='ocrx_word' id='word_1_56' title='bbox 1576 1281 1897 1365; x_wconf 82' lang='grc' dir='ltr'><strong><em>πομπαῖς</em></strong></span> <span class='ocrx_word' id='word_1_57' title='bbox 1933 1272 2265 1369; x_wconf 80' lang='grc' dir='ltr'><strong><em>ἀντήσῃς,</em></strong></span> 
     </span>
     <span class='ocr_line' id='line_1_11' title="bbox 1077 1316 2206 1470; baseline -0.002 -23"><span class='ocrx_word' id='word_1_58' title='bbox 1077 1351 1288 1447; x_wconf 70' lang='grc' dir='ltr'><strong><em>πᾶλιν</em></strong></span> <span class='ocrx_word' id='word_1_59' title='bbox 1303 1316 1667 1470; x_wconf 53' lang='lat' dir='ltr'>‘sgdppovg</span> <span class='ocrx_word' id='word_1_60' title='bbox 1705 1383 1842 1449; x_wconf 87' lang='grc' dir='ltr'><strong><em>σεῖε</em></strong></span> <span class='ocrx_word' id='word_1_61' title='bbox 1875 1377 2206 1466; x_wconf 77' lang='grc' dir='ltr'><strong><em>χαλινοὺς</em></strong></span> 
     </span>
     <span class='ocr_line' id='line_1_12' title="bbox 1078 1477 2178 1572; baseline -0.001 -21"><span class='ocrx_word' id='word_1_62' title='bbox 1078 1480 1188 1551; x_wconf 80' lang='grc' dir='ltr'>ἐπι</span> <span class='ocrx_word' id='word_1_63' title='bbox 1225 1477 1636 1566; x_wconf 80' lang='grc' dir='ltr'><strong><em>Κυκλώπων</em></strong></span> <span class='ocrx_word' id='word_1_64' title='bbox 1677 1482 1800 1557; x_wconf 83' lang='grc' dir='ltr'><strong><em>ἱεις</em></strong></span> <span class='ocrx_word' id='word_1_65' title='bbox 1835 1482 2178 1572; x_wconf 71' lang='grc' dir='ltr'><strong><em>θυμέλας.</em></strong></span> 
     </span>
    </p>

    <p class='ocr_par' dir='ltr' id='par_1_4' title="bbox 665 1582 3057 3000">
     <span class='ocr_line' id='line_1_13' title="bbox 872 1582 3048 1676; baseline -0.001 -23"><span class='ocrx_word' id='word_1_66' title='bbox 872 1584 1196 1676; x_wconf 77' lang='lat' dir='ltr'>Sequitur</span> <span class='ocrx_word' id='word_1_67' title='bbox 1224 1603 1509 1668; x_wconf 83' lang='lat' dir='ltr'>carmen</span> <span class='ocrx_word' id='word_1_68' title='bbox 1537 1582 1757 1668; x_wconf 86' lang='lat' dir='ltr'>chori,</span> <span class='ocrx_word' id='word_1_69' title='bbox 1789 1583 1986 1656; x_wconf 88' lang='lat' dir='ltr'>cuius</span> <span class='ocrx_word' id='word_1_70' title='bbox 2016 1584 2080 1652; x_wconf 87' lang='lat' dir='ltr'>in</span> <span class='ocrx_word' id='word_1_71' title='bbox 2111 1583 2430 1656; x_wconf 78' lang='lat' dir='ltr'>versibus</span> <span class='ocrx_word' id='word_1_72' title='bbox 2463 1584 2608 1653; x_wconf 78' lang='grc'>473</span> <span class='ocrx_word' id='word_1_73' title='bbox 2640 1604 2789 1675; x_wconf 88' lang='lat' dir='ltr'>sqq.</span> <span class='ocrx_word' id='word_1_74' title='bbox 2825 1583 3048 1652; x_wconf 80' lang='lat' dir='ltr'>offen-</span> 
     </span>
     <span class='ocr_line' id='line_1_14' title="bbox 665 1686 3047 1780; baseline -0.001 -23"><span class='ocrx_word' id='word_1_75' title='bbox 665 1687 905 1758; x_wconf 87' lang='lat' dir='ltr'>deram</span> <span class='ocrx_word' id='word_1_76' title='bbox 934 1687 1219 1780; x_wconf 84' lang='lat' dir='ltr'>quidem</span> <span class='ocrx_word' id='word_1_77' title='bbox 1256 1686 1349 1759; x_wconf 88' lang='lat' dir='ltr'>ad</span> <span class='ocrx_word' id='word_1_78' title='bbox 1386 1686 1671 1758; x_wconf 87' lang='lat' dir='ltr'>crebros</span> <span class='ocrx_word' id='word_1_79' title='bbox 1701 1688 2050 1772; x_wconf 51' lang='lat' dir='ltr'>articulo&amp;</span> <span class='ocrx_word' id='word_1_80' title='bbox 2089 1687 2179 1757; x_wconf 92' lang='lat' dir='ltr'>de</span> <span class='ocrx_word' id='word_1_81' title='bbox 2218 1686 2469 1778; x_wconf 90' lang='lat' dir='ltr'>quibus</span> <span class='ocrx_word' id='word_1_82' title='bbox 2507 1686 2577 1756; x_wconf 91' lang='lat' dir='ltr'>in</span> <span class='ocrx_word' id='word_1_83' title='bbox 2613 1686 3047 1779; x_wconf 83' lang='lat' dir='ltr'>praefatione</span> 
     </span>
     <span class='ocr_line' id='line_1_15' title="bbox 665 1789 3045 1883; baseline -0 -24"><span class='ocrx_word' id='word_1_84' title='bbox 665 1815 729 1883; x_wconf 90' lang='lat' dir='ltr'>p.</span> <span class='ocrx_word' id='word_1_85' title='bbox 782 1791 924 1863; x_wconf 86' lang='lat' dir='ltr'>XV.</span> <span class='ocrx_word' id='word_1_86' title='bbox 977 1791 1160 1875; x_wconf 83' lang='lat' dir='ltr'>dixi,</span> <span class='ocrx_word' id='word_1_87' title='bbox 1224 1790 1354 1861; x_wconf 88' lang='lat' dir='ltr'>sed</span> <span class='ocrx_word' id='word_1_88' title='bbox 1415 1789 1767 1861; x_wconf 87' lang='lat' dir='ltr'>debebam</span> <span class='ocrx_word' id='word_1_89' title='bbox 1829 1791 1940 1864; x_wconf 87' lang='lat' dir='ltr'>illa</span> <span class='ocrx_word' id='word_1_90' title='bbox 2004 1791 2296 1882; x_wconf 86' lang='lat' dir='ltr'>vestigia</span> <span class='ocrx_word' id='word_1_91' title='bbox 2360 1790 2632 1882; x_wconf 88' lang='lat' dir='ltr'>longius</span> <span class='ocrx_word' id='word_1_92' title='bbox 2694 1790 3045 1883; x_wconf 85' lang='lat' dir='ltr'>persequi.</span> 
     </span>
     <span class='ocr_line' id='line_1_16' title="bbox 667 1892 3052 1986; baseline -0.001 -22"><span class='ocrx_word' id='word_1_93' title='bbox 667 1895 916 1966; x_wconf 81' lang='lat' dir='ltr'>Postea</span> <span class='ocrx_word' id='word_1_94' title='bbox 978 1895 1288 1964; x_wconf 82' lang='lat' dir='ltr'>intellexi</span> <span class='ocrx_word' id='word_1_95' title='bbox 1351 1892 1477 1963; x_wconf 89' lang='lat' dir='ltr'>has</span> <span class='ocrx_word' id='word_1_96' title='bbox 1541 1916 1723 1986; x_wconf 81' lang='lat' dir='ltr'>quae</span> <span class='ocrx_word' id='word_1_97' title='bbox 1788 1895 2203 1966; x_wconf 80' lang='lat' dir='ltr'>constitutae</span> <span class='ocrx_word' id='word_1_98' title='bbox 2265 1904 2464 1964; x_wconf 88' lang='lat' dir='ltr'>erant</span> <span class='ocrx_word' id='word_1_99' title='bbox 2525 1893 2850 1986; x_wconf 84' lang='lat' dir='ltr'>strophas</span> <span class='ocrx_word' id='word_1_100' title='bbox 2914 1915 3052 1964; x_wconf 93' lang='lat' dir='ltr'>non</span> 
     </span>
     <span class='ocr_line' id='line_1_17' title="bbox 666 1997 3051 2090; baseline -0 -21"><span class='ocrx_word' id='word_1_101' title='bbox 666 1998 890 2069; x_wconf 89' lang='lat' dir='ltr'>solum</span> <span class='ocrx_word' id='word_1_102' title='bbox 940 1998 1120 2069; x_wconf 87' lang='lat' dir='ltr'>iusto</span> <span class='ocrx_word' id='word_1_103' title='bbox 1176 1997 1525 2090; x_wconf 78' lang='lat' dir='ltr'>longiores</span> <span class='ocrx_word' id='word_1_104' title='bbox 1580 2019 1772 2083; x_wconf 86' lang='lat' dir='ltr'>esse,</span> <span class='ocrx_word' id='word_1_105' title='bbox 1825 1999 1952 2069; x_wconf 91' lang='lat' dir='ltr'>sed</span> <span class='ocrx_word' id='word_1_106' title='bbox 2002 1999 2211 2069; x_wconf 90' lang='lat' dir='ltr'>etiam</span> <span class='ocrx_word' id='word_1_107' title='bbox 2267 1997 2515 2090; x_wconf 90' lang='lat' dir='ltr'>prioris</span> <span class='ocrx_word' id='word_1_108' title='bbox 2579 2008 2776 2090; x_wconf 88' lang='lat' dir='ltr'>parte</span> <span class='ocrx_word' id='word_1_109' title='bbox 2832 1998 3051 2068; x_wconf 89' lang='lat' dir='ltr'>altera</span> 
     </span>
     <span class='ocr_line' id='line_1_18' title="bbox 666 2100 3052 2195; baseline -0.001 -23"><span class='ocrx_word' id='word_1_110' title='bbox 666 2101 983 2172; x_wconf 83' lang='lat' dir='ltr'>ordinem</span> <span class='ocrx_word' id='word_1_111' title='bbox 1045 2102 1457 2175; x_wconf 83' lang='lat' dir='ltr'>narrationis</span> <span class='ocrx_word' id='word_1_112' title='bbox 1521 2102 1948 2195; x_wconf 83' lang='lat' dir='ltr'>interrumpi.</span> <span class='ocrx_word' id='word_1_113' title='bbox 2061 2101 2243 2171; x_wconf 91' lang='lat' dir='ltr'>Vidit</span> <span class='ocrx_word' id='word_1_114' title='bbox 2305 2100 2437 2171; x_wconf 89' lang='lat' dir='ltr'>hoc</span> <span class='ocrx_word' id='word_1_115' title='bbox 2502 2102 2713 2172; x_wconf 88' lang='lat' dir='ltr'>etiam</span> <span class='ocrx_word' id='word_1_116' title='bbox 2758 2102 2837 2171; x_wconf 90' lang='lat' dir='ltr'>G.</span> <span class='ocrx_word' id='word_1_117' title='bbox 2884 2101 3052 2172; x_wconf 89' lang='lat' dir='ltr'>Din-</span> 
     </span>
     <span class='ocr_line' id='line_1_19' title="bbox 667 2205 3053 2298; baseline -0.001 -23"><span class='ocrx_word' id='word_1_118' title='bbox 667 2205 965 2290; x_wconf 79' lang='lat' dir='ltr'>dorfiuS,</span> <span class='ocrx_word' id='word_1_119' title='bbox 1021 2206 1138 2297; x_wconf 89' lang='lat' dir='ltr'>qni</span> <span class='ocrx_word' id='word_1_120' title='bbox 1185 2205 1255 2274; x_wconf 90' lang='lat' dir='ltr'>in</span> <span class='ocrx_word' id='word_1_121' title='bbox 1307 2205 1571 2277; x_wconf 87' lang='lat' dir='ltr'>diurnis</span> <span class='ocrx_word' id='word_1_122' title='bbox 1618 2206 2020 2298; x_wconf 85' lang='lat' dir='ltr'>antiquariis</span> <span class='ocrx_word' id='word_1_123' title='bbox 2058 2227 2120 2275; x_wconf 93' lang='lat' dir='ltr'>a.</span> <span class='ocrx_word' id='word_1_124' title='bbox 2160 2206 2377 2274; x_wconf 88' lang='grc'><strong>4839.</strong></span> <span class='ocrx_word' id='word_1_125' title='bbox 2412 2228 2480 2297; x_wconf 88' lang='lat' dir='ltr'>p.</span> <span class='ocrx_word' id='word_1_126' title='bbox 2518 2207 2736 2275; x_wconf 80' lang='grc'><strong>4054.</strong></span> <span class='ocrx_word' id='word_1_127' title='bbox 2770 2216 3053 2297; x_wconf 88' lang='lat' dir='ltr'>praeter</span> 
     </span>
     <span class='ocr_line' id='line_1_20' title="bbox 667 2308 3047 2401; baseline -0 -23"><span class='ocrx_word' id='word_1_128' title='bbox 667 2332 732 2379; x_wconf 83' lang='lat' dir='ltr'>v.</span> <span class='ocrx_word' id='word_1_129' title='bbox 773 2310 1198 2380; x_wconf 69' lang='lat'>462—468.</span> <span class='ocrx_word' id='word_1_130' title='bbox 1238 2312 1523 2380; x_wconf 88' lang='grc'><strong>483-4</strong></span> <span class='ocrx_word' id='word_1_131' title='bbox 1547 2312 1664 2379; x_wconf 88' lang='grc'>89.</span> <span class='ocrx_word' id='word_1_132' title='bbox 1709 2319 1944 2380; x_wconf 87' lang='lat' dir='ltr'>cetera</span> <span class='ocrx_word' id='word_1_133' title='bbox 1994 2309 2225 2379; x_wconf 91' lang='lat' dir='ltr'>omnia</span> <span class='ocrx_word' id='word_1_134' title='bbox 2274 2308 2745 2401; x_wconf 85' lang='lat' dir='ltr'>interpolatori</span> <span class='ocrx_word' id='word_1_135' title='bbox 2785 2308 3047 2380; x_wconf 87' lang='lat' dir='ltr'>tribuit.</span> 
     </span>
     <span class='ocr_line' id='line_1_21' title="bbox 667 2411 3050 2504; baseline 0 -23"><span class='ocrx_word' id='word_1_136' title='bbox 667 2413 818 2503; x_wconf 88' lang='lat' dir='ltr'>Ego</span> <span class='ocrx_word' id='word_1_137' title='bbox 870 2433 1028 2482; x_wconf 88' lang='lat' dir='ltr'>esse</span> <span class='ocrx_word' id='word_1_138' title='bbox 1077 2412 1145 2480; x_wconf 91' lang='lat' dir='ltr'>in</span> <span class='ocrx_word' id='word_1_139' title='bbox 1193 2411 1323 2482; x_wconf 89' lang='lat' dir='ltr'>illis</span> <span class='ocrx_word' id='word_1_140' title='bbox 1373 2412 1722 2503; x_wconf 88' lang='lat' dir='ltr'>quaedam</span> <span class='ocrx_word' id='word_1_141' title='bbox 1762 2412 2010 2497; x_wconf 87' lang='lat' dir='ltr'>video,</span> <span class='ocrx_word' id='word_1_142' title='bbox 2065 2433 2246 2504; x_wconf 90' lang='lat' dir='ltr'>quae</span> <span class='ocrx_word' id='word_1_143' title='bbox 2297 2420 2588 2504; x_wconf 88' lang='lat' dir='ltr'>purgata</span> <span class='ocrx_word' id='word_1_144' title='bbox 2635 2433 2676 2481; x_wconf 89' lang='lat' dir='ltr'>a</span> <span class='ocrx_word' id='word_1_145' title='bbox 2721 2412 3050 2484; x_wconf 85' lang='lat' dir='ltr'>sordibus</span> 
     </span>
     <span class='ocr_line' id='line_1_22' title="bbox 669 2514 3053 2607; baseline 0 -22"><span class='ocrx_word' id='word_1_146' title='bbox 669 2537 897 2606; x_wconf 88' lang='lat' dir='ltr'>neque</span> <span class='ocrx_word' id='word_1_147' title='bbox 950 2514 1234 2606; x_wconf 86' lang='lat' dir='ltr'>indigna</span> <span class='ocrx_word' id='word_1_148' title='bbox 1270 2514 1602 2607; x_wconf 91' lang='lat' dir='ltr'>Euripide</span> <span class='ocrx_word' id='word_1_149' title='bbox 1655 2515 1826 2599; x_wconf 82' lang='lat' dir='ltr'>sint,</span> <span class='ocrx_word' id='word_1_150' title='bbox 1880 2526 1952 2586; x_wconf 92' lang='lat' dir='ltr'>et</span> <span class='ocrx_word' id='word_1_151' title='bbox 1986 2517 2200 2588; x_wconf 90' lang='lat' dir='ltr'>multo</span> <span class='ocrx_word' id='word_1_152' title='bbox 2238 2516 2559 2599; x_wconf 81' lang='lat' dir='ltr'>meliora,</span> <span class='ocrx_word' id='word_1_153' title='bbox 2600 2537 2806 2607; x_wconf 89' lang='lat' dir='ltr'>quam</span> <span class='ocrx_word' id='word_1_154' title='bbox 2848 2526 2929 2585; x_wconf 89' lang='lat' dir='ltr'>ut</span> <span class='ocrx_word' id='word_1_155' title='bbox 2966 2516 3053 2586; x_wconf 87' lang='lat' dir='ltr'>ab</span> 
     </span>
     <span class='ocr_line' id='line_1_23' title="bbox 668 2617 3053 2713; baseline 0 -24"><span class='ocrx_word' id='word_1_156' title='bbox 668 2618 1166 2711; x_wconf 84' lang='lat' dir='ltr'>interpolatore</span> <span class='ocrx_word' id='word_1_157' title='bbox 1221 2618 1352 2689; x_wconf 91' lang='lat' dir='ltr'>isto</span> <span class='ocrx_word' id='word_1_158' title='bbox 1405 2617 1753 2712; x_wconf 88' lang='lat' dir='ltr'>proficisci</span> <span class='ocrx_word' id='word_1_159' title='bbox 1800 2620 2168 2711; x_wconf 87' lang='lat' dir='ltr'>potuerint.</span> <span class='ocrx_word' id='word_1_160' title='bbox 2253 2618 2327 2690; x_wconf 89' lang='lat' dir='ltr'>Id</span> <span class='ocrx_word' id='word_1_161' title='bbox 2376 2618 2674 2713; x_wconf 83' lang='lat' dir='ltr'>patebit,</span> <span class='ocrx_word' id='word_1_162' title='bbox 2728 2619 2787 2689; x_wconf 87' lang='lat' dir='ltr'>si</span> <span class='ocrx_word' id='word_1_163' title='bbox 2832 2620 3053 2691; x_wconf 85' lang='lat' dir='ltr'>mirae</span> 
     </span>
     <span class='ocr_line' id='line_1_24' title="bbox 673 2722 3048 2816; baseline 0 -24"><span class='ocrx_word' id='word_1_164' title='bbox 673 2722 1207 2814; x_wconf 84' lang='lat' dir='ltr'>perturbationis</span> <span class='ocrx_word' id='word_1_165' title='bbox 1255 2722 1591 2814; x_wconf 83' lang='lat' dir='ltr'>originem</span> <span class='ocrx_word' id='word_1_166' title='bbox 1645 2744 2008 2816; x_wconf 81' lang='lat' dir='ltr'>aperuero.</span> <span class='ocrx_word' id='word_1_167' title='bbox 2098 2724 2425 2816; x_wconf 88' lang='lat' dir='ltr'>Incipiam</span> <span class='ocrx_word' id='word_1_168' title='bbox 2464 2744 2506 2794; x_wconf 90' lang='lat' dir='ltr'>a</span> <span class='ocrx_word' id='word_1_169' title='bbox 2541 2723 2816 2794; x_wconf 63' lang='lat' dir='ltr'>v.‚470.</span> <span class='ocrx_word' id='word_1_170' title='bbox 2851 2746 3048 2816; x_wconf 89' lang='lat' dir='ltr'>seqq.</span> 
     </span>
     <span class='ocr_line' id='line_1_25' title="bbox 667 2826 3057 2920; baseline 0 -24"><span class='ocrx_word' id='word_1_171' title='bbox 667 2826 907 2918; x_wconf 87' lang='lat' dir='ltr'>quisi</span> <span class='ocrx_word' id='word_1_172' title='bbox 967 2826 1206 2918; x_wconf 88' lang='lat' dir='ltr'>scripti</span> <span class='ocrx_word' id='word_1_173' title='bbox 1282 2828 1559 2898; x_wconf 88' lang='lat' dir='ltr'>fuerunt</span> <span class='ocrx_word' id='word_1_174' title='bbox 1627 2837 1789 2919; x_wconf 89' lang='lat' dir='ltr'>post</span> <span class='ocrx_word' id='word_1_175' title='bbox 1848 2851 1912 2899; x_wconf 85' lang='lat' dir='ltr'>v.</span> <span class='ocrx_word' id='word_1_176' title='bbox 1965 2829 2389 2898; x_wconf 77' lang='grc'><strong>487-489.</strong></span> <span class='ocrx_word' id='word_1_177' title='bbox 2457 2837 2648 2897; x_wconf 87' lang='lat' dir='ltr'>recte</span> <span class='ocrx_word' id='word_1_178' title='bbox 2714 2827 3057 2920; x_wconf 82' lang='lat' dir='ltr'>procedet</span> 
     </span>
     <span class='ocr_line' id='line_1_26' title="bbox 668 2927 1589 3000; baseline 0.001 -2"><span class='ocrx_word' id='word_1_179' title='bbox 668 2930 1004 3000; x_wconf 87' lang='lat' dir='ltr'>narratio:</span> <span class='ocrx_word' id='word_1_180' title='bbox 1586 2927 1589 2930; x_wconf 69' lang='grc'>’</span> 
     </span>
    </p>

    <p class='ocr_par' dir='ltr' id='par_1_5' title="bbox 669 3032 3058 4674">
     <span class='ocr_line' id='line_1_27' title="bbox 1288 3032 2293 3129; baseline 0 -26"><span class='ocrx_word' id='word_1_181' title='bbox 1288 3032 1581 3111; x_wconf 75' lang='grc' dir='ltr'><strong><em>ἀσπίδος</em></strong></span> <span class='ocrx_word' id='word_1_182' title='bbox 1614 3033 1841 3129; x_wconf 81' lang='grc' dir='ltr'><strong><em>ἔρυμα</em></strong></span> <span class='ocrx_word' id='word_1_183' title='bbox 1876 3034 1991 3104; x_wconf 82' lang='grc' dir='ltr'><strong><em>καὶ</em></strong></span> <span class='ocrx_word' id='word_1_184' title='bbox 2029 3032 2293 3110; x_wconf 80' lang='grc' dir='ltr'><strong><em>κλισίας</em></strong></span> 
     </span>
     <span class='ocr_line' id='line_1_28' title="bbox 1289 3134 2395 3231; baseline 0.001 -26"><span class='ocrx_word' id='word_1_185' title='bbox 1289 3134 1736 3231; x_wconf 72' lang='grc' dir='ltr'><strong><em>ὁπλοφόρους</em></strong></span> <span class='ocrx_word' id='word_1_186' title='bbox 1773 3138 2086 3208; x_wconf 79' lang='grc' dir='ltr'><strong><em>Δαναῶν</em></strong></span> <span class='ocrx_word' id='word_1_187' title='bbox 2122 3136 2395 3207; x_wconf 71' lang='grc' dir='ltr'><strong><em>θέλουό</em></strong></span> 
     </span>
     <span class='ocr_line' id='line_1_29' title="bbox 1498 3240 2442 3330; baseline 0 -22"><span class='ocrx_word' id='word_1_188' title='bbox 1498 3247 1731 3311; x_wconf 78' lang='grc' dir='ltr'><strong><em>ἵππων</em></strong></span> <span class='ocrx_word' id='word_1_189' title='bbox 1766 3241 1822 3309; x_wconf 87' lang='grc' dir='ltr'>τ’</span> <span class='ocrx_word' id='word_1_190' title='bbox 1865 3240 2071 3330; x_wconf 87' lang='grc' dir='ltr'><strong><em>ὄχλον</em></strong></span> <span class='ocrx_word' id='word_1_191' title='bbox 2110 3241 2442 3328; x_wconf 73' lang='grc' dir='ltr'><strong><em>ἰδέσθαι,</em></strong></span> 
     </span>
     <span class='ocr_line' id='line_1_30' title="bbox 1285 3339 2544 3436; baseline -0.001 -23"><span class='ocrx_word' id='word_1_192' title='bbox 1285 3343 1591 3431; x_wconf 80' lang='grc' dir='ltr'><strong><em>Ἀχαιῶν</em></strong></span> <span class='ocrx_word' id='word_1_193' title='bbox 1627 3370 1699 3413; x_wconf 82' lang='grc' dir='ltr'>τε</span> <span class='ocrx_word' id='word_1_194' title='bbox 1739 3340 2007 3421; x_wconf 81' lang='grc' dir='ltr'><strong><em>πλάτας</em></strong></span> <span class='ocrx_word' id='word_1_195' title='bbox 2042 3339 2544 3436; x_wconf 77' lang='grc' dir='ltr'><strong><em>ναυσιπόρους,</em></strong></span> 
     </span>
     <span class='ocr_line' id='line_1_31' title="bbox 669 3444 3049 3538; baseline 0.001 -23"><span class='ocrx_word' id='word_1_196' title='bbox 669 3455 743 3515; x_wconf 91' lang='lat' dir='ltr'>et</span> <span class='ocrx_word' id='word_1_197' title='bbox 794 3466 975 3537; x_wconf 90' lang='lat' dir='ltr'>quae</span> <span class='ocrx_word' id='word_1_198' title='bbox 1026 3456 1428 3537; x_wconf 89' lang='lat' dir='ltr'>sequuntur.</span> <span class='ocrx_word' id='word_1_199' title='bbox 1520 3445 1847 3517; x_wconf 79' lang='lat' dir='ltr'>Distinxit</span> <span class='ocrx_word' id='word_1_200' title='bbox 1897 3444 2270 3538; x_wconf 89' lang='lat' dir='ltr'>Euripides</span> <span class='ocrx_word' id='word_1_201' title='bbox 2325 3446 2412 3515; x_wconf 90' lang='lat' dir='ltr'>ab</span> <span class='ocrx_word' id='word_1_202' title='bbox 2464 3444 2741 3538; x_wconf 89' lang='lat' dir='ltr'>Argivis</span> <span class='ocrx_word' id='word_1_203' title='bbox 2791 3446 3049 3518; x_wconf 89' lang='lat' dir='ltr'>Danais</span> 
     </span>
     <span class='ocr_line' id='line_1_32' title="bbox 672 3547 3049 3642; baseline 0.001 -25"><span class='ocrx_word' id='word_1_204' title='bbox 672 3549 822 3619; x_wconf 90' lang='lat' dir='ltr'>illos</span> <span class='ocrx_word' id='word_1_205' title='bbox 876 3547 993 3640; x_wconf 87' lang='lat' dir='ltr'>qui</span> <span class='ocrx_word' id='word_1_206' title='bbox 1042 3547 1266 3640; x_wconf 88' lang='lat' dir='ltr'>Argos</span> <span class='ocrx_word' id='word_1_207' title='bbox 1305 3548 1734 3642; x_wconf 87' lang='lat' dir='ltr'>Pelasgicum</span> <span class='ocrx_word' id='word_1_208' title='bbox 1780 3547 2216 3634; x_wconf 84' lang='lat' dir='ltr'>habitabant,</span> <span class='ocrx_word' id='word_1_209' title='bbox 2256 3549 2618 3633; x_wconf 82' lang='lat' dir='ltr'>Achaeos,</span> <span class='ocrx_word' id='word_1_210' title='bbox 2668 3550 2759 3621; x_wconf 92' lang='lat' dir='ltr'>de</span> <span class='ocrx_word' id='word_1_211' title='bbox 2797 3552 3049 3642; x_wconf 89' lang='lat' dir='ltr'>quibus</span> 
     </span>
     <span class='ocr_line' id='line_1_33' title="bbox 672 3649 3047 3748; baseline 0 -27"><span class='ocrx_word' id='word_1_212' title='bbox 672 3653 1047 3735; x_wconf 82' lang='lat' dir='ltr'>Homerus,</span> <span class='ocrx_word' id='word_1_213' title='bbox 1087 3649 1553 3746; x_wconf 70' lang='grc' dir='ltr'><strong><em>Μυρμιδόνες</em></strong></span> <span class='ocrx_word' id='word_1_214' title='bbox 1591 3651 1660 3722; x_wconf 74' lang='grc' dir='ltr'>δὲ</span> <span class='ocrx_word' id='word_1_215' title='bbox 1700 3653 2032 3722; x_wconf 76' lang='grc' dir='ltr'><strong><em>καλεῦντο</em></strong></span> <span class='ocrx_word' id='word_1_216' title='bbox 2069 3652 2183 3722; x_wconf 89' lang='grc' dir='ltr'><strong><em>καὶ</em></strong></span> <span class='ocrx_word' id='word_1_217' title='bbox 2218 3652 2544 3748; x_wconf 78' lang='grc' dir='ltr'><strong><em>’Έλληνες</em></strong></span> <span class='ocrx_word' id='word_1_218' title='bbox 2591 3652 2705 3723; x_wconf 87' lang='grc' dir='ltr'><strong><em>καὶ</em></strong></span> <span class='ocrx_word' id='word_1_219' title='bbox 2741 3653 3047 3742; x_wconf 52' lang='grc' dir='ltr'><strong><em>’Λχαιοιᾍ</em></strong></span> 
     </span>
     <span class='ocr_line' id='line_1_34' title="bbox 669 3754 3050 3849; baseline 0 -25"><span class='ocrx_word' id='word_1_220' title='bbox 669 3756 761 3825; x_wconf 89' lang='lat' dir='ltr'>At</span> <span class='ocrx_word' id='word_1_221' title='bbox 797 3756 912 3825; x_wconf 89' lang='lat' dir='ltr'>illa</span> <span class='ocrx_word' id='word_1_222' title='bbox 950 3777 1088 3825; x_wconf 90' lang='lat' dir='ltr'>non</span> <span class='ocrx_word' id='word_1_223' title='bbox 1127 3764 1288 3825; x_wconf 89' lang='lat' dir='ltr'>sunt</span> <span class='ocrx_word' id='word_1_224' title='bbox 1324 3754 1633 3838; x_wconf 84' lang='lat' dir='ltr'>ferenda,</span> <span class='ocrx_word' id='word_1_225' title='bbox 1663 3755 2013 3849; x_wconf 73' lang='grc' dir='ltr'><strong><em>ἡμιθέων,</em></strong></span> <span class='ocrx_word' id='word_1_226' title='bbox 2048 3765 2395 3849; x_wconf 89' lang='lat' dir='ltr'>sumptum</span> <span class='ocrx_word' id='word_1_227' title='bbox 2426 3778 2518 3826; x_wconf 80' lang='lat' dir='ltr'>ex</span> <span class='ocrx_word' id='word_1_228' title='bbox 2546 3755 2735 3826; x_wconf 89' lang='lat' dir='ltr'>Iliad.</span> <span class='ocrx_word' id='word_1_229' title='bbox 2761 3757 2902 3826; x_wconf 89' lang='lat' dir='ltr'>XII.</span> <span class='ocrx_word' id='word_1_230' title='bbox 2933 3758 3050 3829; x_wconf 74' lang='lat'>23.</span> 
     </span>
     <span class='ocr_line' id='line_1_35' title="bbox 671 3856 3056 3954; baseline 0 -27"><span class='ocrx_word' id='word_1_231' title='bbox 671 3869 746 3928; x_wconf 84' lang='lat' dir='ltr'>et</span> <span class='ocrx_word' id='word_1_232' title='bbox 795 3858 923 3928; x_wconf 87' lang='grc' dir='ltr'>τὸν</span> <span class='ocrx_word' id='word_1_233' title='bbox 975 3857 1242 3940; x_wconf 70' lang='grc' dir='ltr'><strong><em>ξανθὸν</em></strong></span> <span class='ocrx_word' id='word_1_234' title='bbox 1277 3859 1652 3928; x_wconf 69' lang='grc' dir='ltr'><strong><em>ῘΠενελαον</em></strong></span> <span class='ocrx_word' id='word_1_235' title='bbox 1700 3856 2197 3947; x_wconf 57' lang='grc' dir='ltr'><strong><em>’Λγαμεᾷινονά</em></strong></span> <span class='ocrx_word' id='word_1_236' title='bbox 2247 3859 2300 3928; x_wconf 89' lang='grc' dir='ltr'>τ’</span> <span class='ocrx_word' id='word_1_237' title='bbox 2348 3858 2816 3954; x_wconf 78' lang='grc' dir='ltr'><strong><em>ευπατρίὸαν,</em></strong></span> <span class='ocrx_word' id='word_1_238' title='bbox 2873 3861 3056 3931; x_wconf 85' lang='lat' dir='ltr'>iner-</span> 
     </span>
     <span class='ocr_line' id='line_1_36' title="bbox 675 3960 3055 4054; baseline 0 -24"><span class='ocrx_word' id='word_1_239' title='bbox 675 3961 954 4032; x_wconf 89' lang='lat' dir='ltr'>tissimis</span> <span class='ocrx_word' id='word_1_240' title='bbox 1007 3961 1404 4052; x_wconf 85' lang='lat' dir='ltr'>languentia</span> <span class='ocrx_word' id='word_1_241' title='bbox 1458 3960 1815 4053; x_wconf 89' lang='lat' dir='ltr'>epithetis,</span> <span class='ocrx_word' id='word_1_242' title='bbox 1872 3960 2144 4053; x_wconf 89' lang='lat' dir='ltr'>aliaque</span> <span class='ocrx_word' id='word_1_243' title='bbox 2196 3984 2288 4032; x_wconf 84' lang='lat' dir='ltr'>ex</span> <span class='ocrx_word' id='word_1_244' title='bbox 2338 3962 2486 4032; x_wconf 89' lang='lat' dir='ltr'>aliis</span> <span class='ocrx_word' id='word_1_245' title='bbox 2537 3962 3055 4054; x_wconf 86' lang='lat' dir='ltr'>tragoediarum</span> 
     </span>
     <span class='ocr_line' id='line_1_37' title="bbox 1184 4063 3057 4159; baseline 0.002 -27"><span class='ocrx_word' id='word_1_246' title='bbox 1184 4085 1233 4148; x_wconf 72' lang='lat'>1,</span> <span class='ocrx_word' id='word_1_247' title='bbox 1264 4065 1653 4155; x_wconf 86' lang='lat' dir='ltr'>falsumque</span> <span class='ocrx_word' id='word_1_248' title='bbox 1683 4074 2148 4135; x_wconf 86' lang='lat' dir='ltr'>commentum</span> <span class='ocrx_word' id='word_1_249' title='bbox 2179 4066 2506 4158; x_wconf 74' lang='grc' dir='ltr'><strong><em>ἁμέτεροι</em></strong></span> <span class='ocrx_word' id='word_1_250' title='bbox 2544 4063 2810 4152; x_wconf 79' lang='grc' dir='ltr'><strong><em>πόσεις,</em></strong></span> <span class='ocrx_word' id='word_1_251' title='bbox 2845 4089 3057 4159; x_wconf 91' lang='lat' dir='ltr'>quum</span> 
     </span>
     <span class='ocr_line' id='line_1_38' title="bbox 1184 4166 3055 4261; baseline 0.003 -26.035"><span class='ocrx_word' id='word_1_252' title='bbox 1184 4187 1229 4235; x_wconf 90' lang='lat' dir='ltr'>s</span> <span class='ocrx_word' id='word_1_253' title='bbox 1268 4177 1337 4237; x_wconf 91' lang='lat' dir='ltr'>et</span> <span class='ocrx_word' id='word_1_254' title='bbox 1374 4166 1566 4258; x_wconf 90' lang='lat' dir='ltr'>ipsae</span> <span class='ocrx_word' id='word_1_255' title='bbox 1601 4189 1669 4235; x_wconf 85' lang='lat' dir='ltr'>v.</span> <span class='ocrx_word' id='word_1_256' title='bbox 1713 4168 1880 4237; x_wconf 81' lang='grc'><strong>485.</strong></span> <span class='ocrx_word' id='word_1_257' title='bbox 1923 4189 2000 4238; x_wconf 89' lang='lat' dir='ltr'>se</span> <span class='ocrx_word' id='word_1_258' title='bbox 2036 4168 2342 4260; x_wconf 84' lang='lat' dir='ltr'>virgines</span> <span class='ocrx_word' id='word_1_259' title='bbox 2387 4189 2545 4238; x_wconf 92' lang='lat' dir='ltr'>esse</span> <span class='ocrx_word' id='word_1_260' title='bbox 2600 4168 2938 4261; x_wconf 85' lang='lat' dir='ltr'>prodant,</span> <span class='ocrx_word' id='word_1_261' title='bbox 2987 4181 3055 4239; x_wconf 88' lang='lat' dir='ltr'>et</span> 
     </span>
     <span class='ocr_line' id='line_1_39' title="bbox 1184 4270 3056 4364; baseline 0.002 -26"><span class='ocrx_word' id='word_1_262' title='bbox 1184 4272 1343 4346; x_wconf 70' lang='grc' dir='ltr'><strong><em>νιὸες</em></strong></span> <span class='ocrx_word' id='word_1_263' title='bbox 1378 4278 1738 4340; x_wconf 88' lang='lat' dir='ltr'>vocentur.</span> <span class='ocrx_word' id='word_1_264' title='bbox 1817 4270 1968 4340; x_wconf 91' lang='lat' dir='ltr'>Non</span> <span class='ocrx_word' id='word_1_265' title='bbox 2018 4271 2247 4342; x_wconf 89' lang='lat' dir='ltr'>minus</span> <span class='ocrx_word' id='word_1_266' title='bbox 2302 4271 2533 4364; x_wconf 82' lang='lat' dir='ltr'>inepta</span> <span class='ocrx_word' id='word_1_267' title='bbox 2578 4283 2739 4342; x_wconf 89' lang='lat' dir='ltr'>sunt</span> <span class='ocrx_word' id='word_1_268' title='bbox 2776 4274 2842 4343; x_wconf 92' lang='lat' dir='ltr'>in</span> <span class='ocrx_word' id='word_1_269' title='bbox 2879 4274 3056 4344; x_wconf 82' lang='lat' dir='ltr'>anti-</span> 
     </span>
     <span class='ocr_line' id='line_1_40' title="bbox 1226 4373 3056 4453; baseline 0.002 -12"><span class='ocrx_word' id='word_1_270' title='bbox 1226 4373 1392 4442; x_wconf 77' lang='lat'>496.</span> <span class='ocrx_word' id='word_1_271' title='bbox 1446 4373 1530 4443; x_wconf 85' lang='grc' dir='ltr'>ὃν</span> <span class='ocrx_word' id='word_1_272' title='bbox 1583 4375 1727 4443; x_wconf 79' lang='grc' dir='ltr'><strong><em>τέκε</em></strong></span> <span class='ocrx_word' id='word_1_273' title='bbox 1786 4380 1949 4452; x_wconf 89' lang='grc' dir='ltr'><strong><em>παῖς</em></strong></span> <span class='ocrx_word' id='word_1_274' title='bbox 2007 4375 2045 4444; x_wconf 90' lang='grc' dir='ltr'>ὁ</span> <span class='ocrx_word' id='word_1_275' title='bbox 2110 4377 2550 4453; x_wconf 79' lang='grc' dir='ltr'><strong><em>Ποσειδᾶνος</em></strong></span> <span class='ocrx_word' id='word_1_276' title='bbox 2612 4398 2750 4446; x_wconf 88' lang='lat' dir='ltr'>non</span> <span class='ocrx_word' id='word_1_277' title='bbox 2818 4377 3056 4448; x_wconf 84' lang='lat' dir='ltr'>addito</span> 
     </span>
     <span class='ocr_line' id='line_1_41' title="bbox 1184 4473 3058 4574; baseline 0.005 -35"><span class='ocrx_word' id='word_1_278' title='bbox 1184 4473 1303 4557; x_wconf 66' lang='lat' dir='ltr'>nii,</span> <span class='ocrx_word' id='word_1_279' title='bbox 1346 4485 1489 4545; x_wconf 86' lang='lat' dir='ltr'>tum</span> <span class='ocrx_word' id='word_1_280' title='bbox 1527 4475 1970 4547; x_wconf 89' lang='lat' dir='ltr'>Homericum</span> <span class='ocrx_word' id='word_1_281' title='bbox 2006 4477 2171 4549; x_wconf 92' lang='lat' dir='ltr'>illud</span> <span class='ocrx_word' id='word_1_282' title='bbox 2213 4478 2368 4563; x_wconf 83' lang='grc' dir='ltr'><strong><em>ὄζος</em></strong></span> <span class='ocrx_word' id='word_1_283' title='bbox 2393 4478 2660 4574; x_wconf 81' lang='grc' dir='ltr'><strong><em>’Ἀρηος</em></strong></span> <span class='ocrx_word' id='word_1_284' title='bbox 2695 4490 2767 4550; x_wconf 86' lang='lat' dir='ltr'>et</span> <span class='ocrx_word' id='word_1_285' title='bbox 2801 4481 3058 4570; x_wconf 75' lang='grc' dir='ltr'><strong><em>θαῦμα</em></strong></span> 
     </span>
     <span class='ocr_line' id='line_1_42' title="bbox 1184 4578 3057 4674; baseline 0.004 -30"><span class='ocrx_word' id='word_1_286' title='bbox 1184 4595 1258 4645; x_wconf 85' lang='lat' dir='ltr'>ae</span> <span class='ocrx_word' id='word_1_287' title='bbox 1296 4578 1661 4648; x_wconf 89' lang='lat' dir='ltr'>manifesto</span> <span class='ocrx_word' id='word_1_288' title='bbox 1700 4589 1861 4649; x_wconf 90' lang='lat' dir='ltr'>sunt</span> <span class='ocrx_word' id='word_1_289' title='bbox 1894 4603 2223 4653; x_wconf 75' lang='lat' dir='ltr'>versuum</span> <span class='ocrx_word' id='word_1_290' title='bbox 2263 4579 2770 4674; x_wconf 89' lang='lat' dir='ltr'>implendorum</span> <span class='ocrx_word' id='word_1_291' title='bbox 2811 4603 3057 4654; x_wconf 87' lang='lat' dir='ltr'>caussa</span> 
     </span>
    </p>
   </div>
  </div>
 </body>
</html>
