3328 5326
536 1425 701 1536 DE
750 1425 1340 1539 ITERATIS
1387 1428 1723 1542 APUD
1774 1428 2526 1542 HOMERUMJ)

1383 1707 1695 1718 -—-—

560 1893 710 1965 Non
759 1897 1050 1967 multum
1098 1897 1188 1967 ad
1244 1897 1704 1969 dirimendam
1755 1899 1983 1985 litem,
2038 1921 2219 1993 quae
2269 1900 2449 1971 inter
2483 1899 2732 1971 doctos

339 1998 439 2070 de
497 1999 997 2092 compositione
1035 2001 1418 2071 carminum
1464 2001 1985 2074 Homericorum
2041 2013 2170 2088 est,
2209 2005 2530 2074 conferre
2566 2003 2733 2073 mihi

338 2101 697 2186 videntur,
752 2103 870 2195 qui
923 2103 1276 2175 scribendi
1311 2113 1554 2187 artem,
1602 2105 1755 2175 sine
1805 2127 1942 2197 qua
1979 2106 2369 2178 istiusmodi
2407 2116 2731 2200 poemata

341 2204 561 2277 condi
597 2207 904 2297 potuisse
939 2216 1221 2300 negant,
1254 2207 1362 2277 vel
1402 2208 1906 2279 remotissimae
1945 2209 2333 2302 antiquitati
2369 2210 2730 2281 vindicare

336 2309 651 2382 student.
742 2310 913 2379 Nam
984 2311 1297 2403 ignotum
1344 2311 1476 2382 illis
1524 2311 1751 2403 poetis
1803 2313 2017 2404 fuisse
2083 2336 2286 2385 usum
2354 2314 2731 2385 litterarum

334 2435 486 2484 non
541 2412 751 2484 modo
796 2414 1142 2485 silentium
1195 2436 1435 2485 eorum
1490 2415 1582 2485 de
1636 2415 1978 2508 scriptura
2032 2426 2346 2498 testatur,
2386 2416 2730 2509 siquidem

336 2538 530 2611 quae
582 2516 812 2587 Proeti
866 2518 1083 2588 tristia
1137 2517 1335 2610 signa
1372 2518 1439 2587 in
1492 2518 1706 2589 Iliade
1741 2530 2213 2593 memorantur
2263 2542 2404 2591 non
2441 2520 2729 2592 dubium

334 2619 622 2694 videtur
659 2621 824 2712 quin
877 2630 998 2693 aut
1046 2643 1187 2693 non
1235 2622 1491 2693 fuerint
1536 2622 1829 2709 litterae,
1886 2633 2026 2709 aut,
2073 2624 2133 2696 si
2186 2626 2494 2709 fuerunt,
2549 2643 2729 2717 quae

331 2725 448 2795 vis
489 2733 563 2794 et
587 2725 760 2795 ratio
799 2746 1038 2796 earum
1066 2736 1276 2811 esset,
1306 2726 1580 2797 latuerit
1615 2736 1919 2820 poetam,
1949 2751 2194 2800 verum
2230 2729 2438 2799 etiam
2476 2729 2730 2799 clamat

338 2837 496 2899 tota
525 2828 848 2920 antiquae
875 2829 1109 2922 poesis
1146 2829 1390 2922 epicae
1424 2841 1673 2901 natura
1698 2831 1970 2902 indiciis
2009 2832 2479 2925 apertissimis
2554 2831 2727 2902 Nam

335 2944 416 3002 et
453 2933 911 3002 conformatio
967 2934 1505 3025 coniunctioque
1540 2935 2064 3019 sententiarum,
2120 2947 2191 3006 et
2243 2936 2583 3008 orationis
2637 2934 2728 3005 ad

331 3057 671 3107 numeros
709 3036 1285 3116 accommodatio,
1324 3049 1395 3108 et
1431 3038 1928 3109 vocabulorum
1964 3039 2356 3110 ornantium
2401 3038 2726 3123 adiectio,

333 3152 413 3210 et
463 3139 1024 3233 praedicatorum
1074 3141 1286 3211 rebus
1338 3142 1894 3212 commemoratis
1947 3142 2338 3214 additorum
2390 3142 2726 3235 positura,

333 3242 865 3314 evidentissime
913 3265 1000 3314 eo
1055 3244 1479 3337 conspirant,
1538 3255 1611 3315 ut
1666 3267 1806 3316 non
1859 3245 1951 3316 ad
1989 3246 2384 3339 legendum,
2454 3245 2582 3316 sed
2638 3244 2727 3315 ad

332 3346 768 3419 audiendum
816 3349 999 3417 facta
1037 3368 1195 3417 esse
1246 3348 1553 3419 carmina
1607 3349 1721 3419 illa
1775 3361 2128 3442 appareat.
2219 3349 2494 3420 Etenim
2548 3368 2728 3440 quae

334 3450 510 3522 solis
550 3450 830 3522 auribus
867 3461 1199 3544 percepta
1241 3451 1596 3523 delectare
1649 3452 1995 3538 volumuS,
2051 3475 2157 3537 ea,
2197 3453 2524 3545 quoniam
2565 3474 2725 3536 vox,

330 3555 755 3645 simulatque
793 3554 1031 3625 audita
1066 3564 1197 3639 est,
1238 3555 1710 3626 irrevocabilis
1749 3555 1938 3639 abiit,
1987 3567 2147 3627 ante
2186 3557 2417 3627 omnia
2453 3564 2732 3648 oportet

331 3658 546 3752 plana
618 3667 687 3726 et
761 3658 1127 3751 perspicua
1195 3680 1387 3744 esse,
1462 3670 1536 3730 ut
1605 3659 1806 3751 sequi
1875 3659 2283 3731 recitantem
2355 3657 2725 3730 commode

331 3761 609 3854 possint
643 3761 1031 3846 audientes,
1062 3784 1195 3833 nec
1231 3773 1539 3833 moretur
1579 3785 1705 3834 eos
1742 3763 2023 3854 aliquid,
2056 3773 2461 3854 avertatque
2499 3770 2728 3832 atten-

332 3866 603 3934 tionem
638 3885 681 3934 a
728 3865 1046 3957 proxime
1098 3866 1680 3937 succedentibus:
1737 3866 1839 3937 sic
1893 3868 2076 3936 enim
2129 3866 2452 3958 fatigaret
2504 3865 2727 3957 magis

330 3967 606 4039 auditio
641 3977 912 4038 mentes
949 3991 1158 4061 quam
1198 3969 1511 4040 afficeret
1558 3970 1935 4063 voluptate.
2014 3970 2187 4040 Hinc
2241 3969 2466 4040 omnis
2505 3969 2725 4040 oratio

328 4071 642 4141 maxima
679 4071 1117 4164 simplicitate
1154 4094 1240 4143 ex
1279 4074 1609 4145 brevibus
1645 4072 1974 4144 membris
2013 4082 2346 4144 contexta
2382 4082 2514 4157 est,
2544 4094 2725 4165 quae

331 4196 574 4266 neque
625 4174 803 4248 inter
852 4197 931 4246 se
982 4176 1328 4268 implicata
1382 4187 1574 4261 sunt,
1644 4198 1778 4248 nec
1833 4177 2076 4268 longos
2130 4177 2506 4249 verborum
2554 4198 2726 4247 con-

330 4300 569 4348 nexus
607 4277 938 4362 efficiunt,
995 4278 1125 4370 sed
1160 4280 1292 4349 alia
1345 4279 1496 4351 aliis
1535 4280 1868 4373 deinceps
1914 4279 2243 4352 adiuncta
2295 4281 2564 4373 singula
2599 4300 2727 4371 per

331 4402 422 4453 se
478 4390 819 4466 constant,
879 4382 969 4452 ita
1021 4391 1118 4467 ut,
1173 4383 1233 4452 si
1282 4384 1562 4475 quando
1617 4383 2042 4476 interpositis
2089 4384 2334 4456 alienis
2387 4402 2724 4477 suspensa

512 4596 566 4679 Ἴ
604 4599 784 4663 Edita
816 4601 996 4664 est‘a.
1037 4602 1225 4663 ⁴840.
