3328 5326
626 370 700 430 ⁴4
1587 368 1994 457 nouimus.

620 560 1059 646 offendimur,
1099 561 1275 632 aliae
1313 582 1402 631 ne
1441 560 1774 631 ferendae
1811 559 2091 653 quidem
2121 560 2467 633 videntur.
2525 562 2747 645 Quam
2784 561 2996 631 itera-

618 664 883 735 tionum
934 664 1559 735 dissimilitudinem
1612 664 1731 756 qui
1784 665 2214 749 consideret,
2269 666 2474 734 facile
2524 664 2739 735 credo
2785 665 2995 735 talem

619 789 778 838 esse
822 769 1152 860 reperiet,
1204 777 1280 839 ut
1324 777 1397 838 et
1447 768 1597 860 ipsa
1646 767 1905 859 aliquid
1956 770 2270 838 conferat
2321 769 2413 839 ad
2459 768 2995 838 convellendam

619 871 1018 965 opinionem
1056 893 1319 956 eorum,
1358 872 1476 963 qui
1514 880 1776 941 temere
1815 870 2115 964 discerpi
2164 872 2469 942 carmina
2503 872 2784 941 Homeri
2820 892 2997 963 que-

620 985 882 1045 runtur.
996 975 1167 1046 Volo
1219 975 1424 1045 huius
1476 975 1576 1044 rei
1625 975 1963 1044 rationem
2023 975 2265 1067 paucis
2324 975 2780 1046 adumbrare:
2847 996 2996 1044 non

619 1079 804 1150 enim
868 1078 959 1148 de
1023 1077 1502 1149 exhaurienda
1561 1078 1870 1170 cogitare
1932 1079 2218 1171 poterit,
2283 1079 2414 1149 nisi
2463 1079 2582 1171 qui
2634 1100 2711 1149 se
2757 1087 2996 1170 speret
3128 1143 3132 1147 ,

622 1203 899 1253 omnem
954 1182 1334 1252 carminum
1382 1182 1651 1252 illorum
1707 1182 2283 1275 compositionem
2321 1182 2418 1252 ita
2452 1183 2521 1251 in
2558 1204 2720 1253 suas
2759 1192 2995 1276 partes

618 1286 1114 1368 resoluturum,
1168 1294 1244 1355 ut
1290 1284 1456 1377 quid
1506 1285 1760 1377 cuique
1807 1286 1979 1378 parti
2024 1285 2465 1357 tribuendum
2504 1286 2591 1356 sit
2625 1287 2793 1356 satis
2830 1307 2998 1378 pro-

620 1389 941 1461 babiliter
979 1387 1368 1459 definiatur.
2063 1460 2071 1472 .

821 1492 926 1561 Ac
963 1492 1186 1585 primo
1221 1512 1403 1583 quae
1437 1513 1564 1585 per
1599 1492 1823 1583 ipsum
1870 1513 2101 1561 rerum
2135 1492 2635 1563 narrandarum
2676 1492 2997 1563 ordinem

618 1596 897 1689 saepius
936 1595 1251 1679 redeunt,
1291 1616 1417 1688 per
1453 1616 1531 1665 se
1558 1604 1750 1688 patet
1776 1596 2031 1665 rectius
2066 1595 2314 1665 iisdem
2343 1617 2550 1687 quam
2580 1597 2728 1667 aliis
2753 1596 2995 1666 verbis

617 1700 775 1770 dici.
870 1699 1164 1769 Molesta
1199 1698 1385 1768 enim
1425 1707 1611 1768 esset
1647 1698 1970 1782 variatio,
2009 1699 2403 1791 exilemque
2437 1700 2658 1791 magis
2696 1698 2996 1791 diligen-

617 1804 782 1874 tiam
819 1812 1094 1896 poetae,
1133 1824 1342 1894 quam
1378 1810 1790 1894 occupatum
1828 1802 2254 1893 gravioribus
2298 1802 2601 1872 animum
2639 1802 2989 1895 proderet.

618 1908 855 1999 Itaque
893 1928 1101 1976 nemo
1139 1927 1279 1976 non
1318 1905 1666 1998 probabit,
1707 1905 1763 1974 si
1802 1906 1964 1975 talia
1999 1905 2356 1989 iterantur,
2396 1907 2599 1997 quale
2636 1907 2771 1976 hoc
2809 1915 2952 1976 est:

874 2008 1221 2104 δούπησεν
1257 2008 1329 2078 δὲ
1364 2006 1620 2095 πεσών,
1668 2006 1978 2104 ἀράβησε
2013 2007 2085 2078 δὲ
2120 2005 2342 2097 τεύχε’
2383 2010 2488 2078 ἐπ’
2530 2010 2749 2100 αὐτῷ.

616 2113 969 2184 Pertinent
1007 2112 1097 2182 ad
1133 2112 1269 2181 hoc
1305 2132 1528 2203 genus
1565 2111 1776 2181 etiam
1812 2112 2367 2204 comparationes
2405 2111 2770 2196 eiusmodi,
2809 2132 2996 2204 quae

614 2216 806 2309 quod
843 2216 1062 2285 cuivis
1100 2215 1303 2284 facile
1338 2215 1411 2283 in
1448 2224 1752 2283 mentem
1790 2214 2099 2299 veniant,
2139 2214 2641 2307 propemodum
2678 2236 2805 2308 pro
2852 2216 2998 2286 usi-

617 2321 774 2390 tatis
812 2318 1123 2388 formulis
1158 2316 1534 2403 habentur,
1589 2326 1663 2387 ut
1709 2317 1878 2393 ὤςτε
1912 2314 2147 2412 νόημα
2184 2317 2275 2388 de
2312 2318 2666 2387 celeritate
2701 2318 2995 2403 dictum,

614 2424 729 2492 vel
765 2421 856 2492 de
894 2420 1343 2512 praecipitato
1384 2418 1756 2514 ἀρνευτῆρι
1792 2417 2053 2496 ἐοικώς.

823 2523 1188 2592 Diversum
1225 2523 1310 2591 ab
1347 2521 1453 2590 his
1489 2542 1712 2612 genus
1750 2530 1877 2604 est,
1919 2542 2057 2613 quo
2094 2523 2421 2594 mandata
2452 2523 2699 2593 iisdem
2727 2524 2993 2609 verbiS,

616 2627 867 2720 quibus
905 2636 1195 2719 accepta
1232 2634 1413 2710 sunt,
1453 2626 1927 2719 perferuntur:
1971 2624 2160 2717 quod
2191 2636 2263 2698 ut
2299 2627 2622 2719 antiquae
2660 2627 2997 2721 simplici—

615 2731 782 2801 tatis
835 2740 974 2815 est,
1030 2730 1121 2799 ita
1160 2750 1245 2799 eo
1285 2749 1564 2821 quoque
1601 2728 2157 2813 commendatur,
2219 2730 2407 2822 quod
2456 2730 2707 2822 alioqui
2744 2751 2998 2823 parum

615 2833 796 2905 fidus
835 2855 992 2903 esse
1028 2832 1308 2904 nuntius
1347 2832 1721 2902 videretur.
1818 2832 2050 2902 Simile
2098 2843 2242 2917 est,
2295 2832 2486 2925 quod
2531 2835 2996 2905 Telemachus

614 2938 744 3008 Od.
787 2938 861 3007 11.
907 2938 988 3010 24
1012 2940 1053 3007 5
1094 2958 1287 3028 seqq.
1342 2935 1588 3005 iisdem
1627 2934 1860 3005 verbis
1898 2934 2065 3026 quid
2103 2937 2406 3007 facturus
2444 2936 2531 3005 sit
2566 2936 2767 3023 dicit,
2835 2939 2997 3030 qui-

614 3043 745 3113 bus
783 3042 828 3110 Ι.
873 3042 1006 3113 281
1060 3061 1252 3131 seqq.
1295 3060 1453 3109 eum
1494 3047 1858 3108 monuerat
1894 3039 2235 3123 Minerva,
2286 3039 2614 3131 quodque
2652 3040 2840 3111 idem
2877 3042 2990 3111 IV.

613 3146 783 3216 322.
845 3144 1232 3214 Menelaum
1280 3141 1530 3212 iisdem
1576 3142 1812 3211 verbis
1865 3150 2055 3226 orat,
2105 3142 2356 3233 quibus
2408 3164 2573 3214 usus
2609 3154 2762 3215 erat
2798 3144 2994 3237 apud

613 3248 976 3317 Nestorem
1014 3247 1116 3315 ΙΙΙ.
1160 3247 1254 3318 92
1304 3255 1422 3315 aut
1465 3266 1678 3336 quum
1717 3244 1807 3314 de
1843 3242 2134 3314 Alcinoo
2171 3245 2531 3315 lacrimare
2567 3246 2840 3317 Ulixem
2876 3246 2994 3319 vi-

614 3350 825 3422 dente
877 3348 1126 3419 eadem
1173 3349 1389 3418 verba
1435 3356 1855 3439 usurpantur
1898 3347 2059 3416 VIII.
2104 3350 2225 3427 93,
2271 3350 2414 3420 532
2471 3358 2590 3420 aut
2640 3372 2856 3441 quum
2894 3350 2993 3422 de

611 3462 853 3524 coorta
909 3460 1320 3544 tempestate
1377 3451 1626 3520 eadem
1677 3449 1844 3520 dicit
1889 3449 2122 3518 Ulixes
2167 3450 2307 3519 XII.
2364 3448 2532 3520 403.
2589 3453 2759 3523 XIV.
2808 3456 2986 3524 30⁴.

613 3556 913 3626 Nimium
959 3575 1129 3623 vero
1184 3574 1338 3623 esse
1398 3553 1729 3636 arbitror,
1789 3552 1979 3643 quod
2021 3553 2326 3644 quinque
2360 3575 2595 3624 versus
2634 3565 2739 3625 ter
2774 3558 2994 3648 positi

616 3668 775 3731 sunt
830 3656 1017 3727 Iliad.
1074 3656 1148 3725 II.
1204 3660 1321 3740 Μ,
1364 3656 1484 3739 28,
1546 3658 1639 3726 65
1694 3656 1945 3747 quibus
1994 3655 2122 3724 etsi
2175 3676 2313 3724 non
2379 3655 2718 3728 offensum
2768 3659 2988 3731 video

615 3763 686 3832 C.
729 3761 1279 3842 Lachmannum,
1337 3759 1530 3829 cuius
1567 3759 1696 3828 viri
1733 3758 1989 3829 iudicio
2025 3758 2392 3850 plurimum
2429 3759 2686 3844 tribuo,
2748 3770 2994 3833 tamen

612 3865 859 3936 videor
905 3863 1073 3933 mihi
1118 3863 1187 3930 in
1242 3883 1326 3931 ea
1376 3882 1452 3930 re
1499 3860 1794 3931 duorum
1849 3861 2227 3930 carminum
2262 3860 2551 3953 vestigia
2590 3863 2992 3957 deprehen-

616 3966 807 4038 dere.

822 4068 1072 4137 Similis
1110 4068 1394 4137 aliarum
1431 4066 1869 4136 iterationum
1907 4066 2079 4136 ratio
2116 4076 2241 4137 est.
2275 4145 2282 4154 ‚
2311 4067 2483 4135 Nam
2520 4067 2711 4158 quod
2747 4072 2985 4144 multis

610 4174 681 4242 in
719 4172 888 4241 locis
926 4171 1183 4260 antiqui
1222 4170 1631 4262 interpretes
1671 4169 2109 4253 adnotarunt,
2149 4191 2394 4241 versus
2417 4169 2679 4260 aliquos
2709 4194 2802 4241 ex
2830 4175 2988 4246 aliis

611 4277 781 4346 locis
835 4275 1058 4343 illatos
1107 4294 1299 4356 esse,
1354 4272 1426 4343 id
1477 4272 1684 4341 etiam
1736 4271 1937 4342 latius
1987 4283 2195 4365 patet.
2291 4273 2420 4341 Vix
2460 4273 2643 4341 enim
2681 4274 2988 4348 dubitari

610 4389 874 4474 potest,
928 4375 1097 4467 quin
1144 4376 1489 4464 quaedam
1538 4373 1781 4444 horum
1830 4378 2305 4469 exemplorum
2369 4376 2456 4444 ab
2518 4376 2599 4445 iis
2662 4381 2983 4469 profecta

610 4484 783 4568 sint,
838 4480 958 4573 qui
1007 4477 1282 4546 diversa
1326 4477 1627 4546 carmina
1678 4478 1747 4545 in
1799 4500 2012 4549 unum
2063 4479 2563 4569 coniungentes
2611 4479 2788 4550 haec
2835 4482 2983 4555 duo

605 4608 789 4678 quae
840 4602 1030 4655 nunc
1081 4579 1413 4650 habemus
1460 4601 1710 4671 magna
1755 4591 2074 4674 poemata
2128 4581 2611 4652 condiderunt.
2704 4584 2809 4652 Eo
2873 4596 2985 4657 sat
