3328 5326
674 346 751 405 80
1659 342 2057 405 PINDARUS.

669 537 785 607 vel
806 538 1032 631 μέτρα
1049 536 1163 607 vel
1193 536 1467 630 μητέρα
1490 534 1835 619 scribitur,
1869 535 2140 626 utrique
2175 533 2513 627 scriptori,
2545 530 2606 602 si
2635 530 2725 602 ad
2751 528 3039 621 vestigia

545 667 599 719 p.
624 640 739 709 7in
776 641 844 730 μ’
887 639 1052 733 ἄτερ
1107 637 1292 732 apud
1327 638 1729 730 Dionysium
1782 639 2021 708 relicta
2069 639 2311 709 oculos
2362 635 2808 717 advertimuS,
2848 631 3035 702 facili

669 763 882 835 opera
949 742 1372 835 aptissimam
1434 742 1813 833 poterimus
1880 752 1952 811 et
2010 740 2560 813 venustissimam
2616 736 3035 809 sententiam

665 846 1054 916 restituere
1151 845 1324 915 Nam
1379 844 1827 916 Philostratus
1879 844 2075 938 quid
2099 844 2452 937 acceptius
2490 842 2793 926 mulieri,
2834 840 3033 912 cuius

665 949 1127 1042 pulcritudine
1166 958 1410 1041 captus
1448 958 1669 1031 esset,
1710 949 2017 1019 scribere
2055 948 2312 1041 potuit,
2354 967 2563 1038 quam
2598 945 2823 1016 aciem
2858 964 3033 1032 ocu-

664 1054 887 1124 lorum
927 1053 1057 1123 sibi
1094 1054 1358 1123 formae
1395 1051 1548 1147 eius
1584 1051 1797 1122 radiis
1833 1051 2280 1176 praestringi:
2336 1052 2404 1120 εἰ
2441 1049 2515 1119 δὲ
2562 1053 2633 1119 ἐκ
2640 1039 3031 1140 Πινδάρου

663 1157 916 1243 ταῦτα,
974 1152 1247 1226 κάκεῖνό
1299 1181 1438 1225 που
1486 1155 1663 1225 κατὰ
1692 1154 2082 1250 Πίνδαρον,
2131 1153 2216 1224 τὸ
2258 1153 2391 1251 τὴν
2429 1154 2676 1222 ἀκτῖνα
2708 1148 2839 1245 τὴν
2890 1147 3030 1219 ἀπὸ

665 1259 794 1328 σοῦ
843 1260 1172 1353 πηδῶσαν
1229 1255 1408 1329 εἶναι
1448 1259 1601 1328 τῶν
1670 1258 1857 1348 ἐμῶν
1918 1257 2313 1349 ὀφθαλμῶν
2365 1250 2794 1353 δ’,ιωῇτειρανΡ
2863 1250 3034 1343 quid

662 1371 895 1432 autem
934 1361 1166 1431 verius
1203 1361 1292 1431 de
1330 1361 1497 1432 solis
1532 1361 1730 1432 radio
1761 1359 2117 1444 PindaruS,
2157 1381 2366 1453 quam
2402 1360 2461 1429 si
2497 1381 2656 1430 eum
2693 1358 3030 1428 invocans

663 1464 930 1534 diceret
967 1460 1270 1558 &piaccia
1316 1457 1709 1556 ὀμμάτωνῖ)

866 1568 1014 1638 Hoc
1066 1568 1122 1636 si
1171 1567 1616 1660 probabiliter
1666 1568 2124 1651 restituimuS,
2164 1565 2547 1636 videndum
2582 1564 2719 1634 iam
2756 1572 2901 1648 est,
2943 1584 3030 1633 an

657 1671 867 1741 etiam
916 1670 1107 1762 quod
1159 1682 1321 1740 ante
1358 1671 1536 1740 haec
1571 1672 1791 1741 verba
1826 1670 2013 1764 apud
2048 1670 2453 1762 Dionysium
2488 1667 2822 1738 habemus
2859 1666 3032 1759 ἐμῆς

656 1775 802 1844 θεῶ
880 1774 1249 1844 commode
1324 1774 1680 1845 emendari
1740 1775 1978 1867 possit.
2087 1774 2430 1845 Attulerat
2482 1770 2757 1841 Pindari
2809 1769 3032 1841 verba

657 1875 849 1946 Philo
890 1878 958 1945 in
995 1898 1083 1948 eo
1123 1877 1295 1948 libro
1326 1899 1533 1969 quem
1571 1877 1660 1948 de
1692 1878 2129 1970 providentia
2165 1870 2457 1970 scripsit.
2517 1876 2742 1960 Quem
2777 1873 3031 1945 librum

655 2002 869 2071 quum
917 2001 1057 2049 non
1108 1981 1353 2073 ipsum,
1403 1981 1531 2077 sed
1582 1993 1814 2051 tamen
1867 1982 1936 2053 in
1984 1983 2288 2074 linguam
2320 1977 2807 2049 Armeniacam
2858 1997 3032 2049 con,-

652 2104 936 2154 versum
995 2084 1409 2168 habeamuS,
1473 2106 1894 2177 quamquam
1950 2086 2081 2156 iste
2134 2083 2503 2157 Armenius
2564 2083 2909 2173 interpres
2962 2089 3032 2150 et

654 2187 964 2258 Graecae
1000 2188 1278 2280 linguae
1315 2188 1520 2258 valde
1556 2189 1915 2281 imperitus
1952 2190 2081 2261 fuit
2116 2197 2187 2258 et
2223 2209 2265 2258 a
2300 2195 2534 2257 mente
2559 2184 2838 2255 Pindari
2875 2183 3032 2254 lon-

649 2291 932 2383 gissime
971 2291 1350 2373 aberravit,
1390 2292 1694 2384 paullum
1732 2292 1900 2383 quid
1937 2301 2128 2362 certe
2164 2291 2360 2385 quasi
2400 2311 2521 2382 per
2551 2266 2896 2360 nebulam
2925 2287 3031 2357 di-

651 2395 892 2465 vinare
939 2415 1034 2462 ex
1082 2394 1229 2463 istis
1281 2394 1431 2464 sine
1478 2415 1690 2464 sensu
1739 2396 2145 2488 constipatis
2181 2394 2417 2465 verbis
2454 2392 2706 2463 licebit.
2783 2391 2888 2460 Ea
2933 2390 3025 2460 ab

648 2495 973 2566 Anchero
1012 2497 1112 2565 sic
1153 2495 1425 2566 reddita
1479 2498 1846 2590 adscripsit
1881 2499 2247 2591 Bergkius:
2303 2496 2573 2567 radium
2617 2493 2811 2578 solia,
2871 2492 3025 2577 tiro,

649 2598 926 2669 maltam
974 2598 1253 2682 intueri,
1306 2622 1387 2669 ηρ
1422 2599 1622 2672 nimis
1659 2601 1978 2673 concedas
2014 2601 2142 2673 tais
2180 2599 2388 2672 oculis
2425 2597 2779 2694 corporeis.
2836 2595 3025 2668 sidus

646 2689 1172 2796 snpercoeccllcnc
1216 2653 1390 2773 (iiam
1439 2713 1771 2792 vocatum,
1828 2706 2000 2800 qnod
2034 2728 2255 2800 rcycm
2291 2701 2679 2774 constituisti
2712 2700 3025 2772 virtutem

647 2805 822 2892 eins,
863 2830 989 2900 qao
1025 2815 1089 2876 ct
1119 2806 1483 2900 sapientiae
1518 2808 1666 2908 viae
1702 2817 2093 2884 evanescant
2128 2807 2460 2891 tenebrae,
2499 2828 2724 2899 reycrc
2758 2804 3023 2874 iuveni-

647 2909 798 2979 liter
833 2932 1032 3003 quam
1068 2909 1381 2980 anterius,
1452 2903 1682 2981 veram
1716 2919 1774 2980 tc
1809 2911 1883 2981 in
1909 2934 2111 2981 curru
2145 2911 2326 2981 Iovis
2361 2932 2526 3003 ρᾳιιρ
2559 2908 2719 2979 dens
2766 2905 2977 3003 (aut
2949 2932 3027 2978 in

652 3010 826 3083 Iovis
863 3036 1027 3106 equo
1064 3012 1244 3106 deus)
1294 3036 1477 3107 roqo,
1515 3014 1853 3084 indemnes
1890 3014 1978 3085 ad
2011 3013 2515 3108 temperantiam
2554 3011 2687 3083 sint
2717 3034 3022 3082 commu-

643 3114 943 3200 tationes,
979 3140 1177 3214 qnam
1213 3116 1486 3187 cantabo
1524 3141 1561 3188 o
1597 3117 1891 3211 qboriosa
1915 3117 2209 3188 modesta
2236 3115 2638 3211 aequissima
2672 3112 2810 3207 (vel
2838 3138 3022 3185 com-

641 3218 1057 3311 munissima)
1107 3241 1238 3289 ars.
1313 3221 1638 3291 Fideliter
1688 3221 1862 3291 haec
1914 3243 1999 3291 ex
2032 3215 2447 3290 Armeniaca
2497 3219 2728 3311 lingua
2775 3219 2847 3287 in
2884 3219 3022 3288 La-

645 3321 856 3390 tinam
897 3322 1227 3391 translata
1264 3343 1419 3392 esse
1459 3323 1779 3395 dubitare
1820 3321 1964 3394 ιιοιι
1999 3323 2159 3392 sinit
2194 3345 2402 3414 quam
2435 3320 3020 3394 Schneidewinus

643 3445 684 3493 a
739 3423 808 3492 C.
855 3424 925 3492 F.
974 3424 1387 3494 Neumanno
1439 3426 1526 3495 ad
1583 3427 1873 3497 verbum
1935 3425 2200 3496 factam
2238 3425 2876 3518 interpretationem
2921 3446 3025 3494 ex

641 3526 1025 3596 Annalibus
1077 3525 1421 3596 litterariis
1470 3528 2033 3600 Berolinensibus
2083 3551 2143 3598 a.
2191 3531 2409 3601 4829.
2451 3528 2526 3596 Il.
2572 3550 2636 3619 p.
2675 3530 2845 3597 844.
2891 3549 3023 3598 ex·-

641 3630 934 3722 scripsit.
1011 3630 1112 3699 Ea
1153 3629 1345 3700 haec
1366 3641 1506 3700 est:
1548 3630 1706 3700 dass
1744 3630 1835 3701 ἅιι
1867 3630 2081 3700 strahl
2115 3627 2234 3702 der
2267 3653 2492 3713 sonna,
2524 3629 2839 3724 jnnylinq
2878 3629 3014 3699 all-

638 3732 1057 3806 lenchtcnder
1088 3731 1226 3827 (vel
1256 3732 1725 3828 allicias-endor)
1756 3733 1909 3804 dich
1935 3733 2117 3804 nicht
2141 3733 2475 3828 hinycbest
2500 3733 2618 3803 ἅρι·
2644 3732 3018 3828 ermildunq

637 3835 866 3906 deincr
913 3834 1369 3930 lior-perticam
1418 3860 1668 3930 aaqcn,
1720 3846 1899 3908 ctcrn
1949 3836 2056 3907 hic
2109 3836 2309 3920 oben,
2363 3836 2525 3907 uber
2573 3836 2702 3905 ἅρη
2752 3843 2863 3929 laq
2901 3859 3014 3906 cr·-

633 3937 916 4022 sehnter,
956 3939 1085 4010 den
1119 3938 1208 4009 da
1243 3947 1435 4009 sctztc
1472 3938 1590 4010 der
1624 3939 1821 4034 ko‘niy
1857 3939 1975 4010 der
2008 3939 2249 4024 machi,
2291 3939 2521 4010 ἅρεερη
2550 3937 3018 4033 weiskeitswcq

626 4040 991 4133 finstcrniss
1025 4041 1209 4112 nicht
1241 4040 1457 4127 kannt,
1496 4067 1534 4112 o
1570 4044 1667 4114 sci
1690 4033 2155 4137 jaqendlichcr
2182 4042 2357 4113 ἅρπη
2381 4064 2598 4113 znvor.
2659 4041 2819 4112 aher
2855 4040 3018 4112 dien

631 4151 1129 4238 qottcrqecpann
1164 4144 1278 4215 dea
1319 4097 1487 4215 Zetis
1517 4144 1687 4238 slchc
1722 4145 1831 4217 ioh
1866 4169 1975 4231 an,
2027 4146 2120 4216 ἅιι
2154 4145 2426 4216 bernhrt
2456 4144 2790 4216 durchaus
2826 4144 3014 4215 nicht

630 4269 759 4316 von
809 4245 937 4315 ἅρπ
974 4247 1450 4342 wandclunqcn
1496 4247 1615 4317 der
1663 4248 2269 4333 verdndcrlichkeit,
2307 4247 2462 4319 dicli
2497 4247 2758 4340 boainqe
2792 4246 2930 4334 ioh,
2969 4273 3008 4321 o

632 4346 959 4420 herrlichc
1017 4346 1293 4421 teusetae
1349 4349 1734 4445 allqemeinc
1796 4350 2513 4445 wandcrerschcinanq.
2615 4352 2719 4420 Ex
2772 4349 2883 4421 his
2940 4353 3013 4423 in

630 4451 1188 4523 manifestissima
1249 4453 1558 4526 Armenii
1629 4455 2022 4551 interpretis
2086 4455 2426 4548 imperitia
2488 4465 2722 4525 tamen
2783 4455 3009 4548 primo

630 4556 769 4627 hoc
821 4556 1085 4640 elucet,
1146 4575 1273 4647 pro
1328 4555 1408 4627 τί
1466 4555 1839 4631 πολύσκοπ’
1891 4581 2053 4632 eum
2101 4564 2242 4629 παῖ
2281 4556 2674 4628 waldonem
2720 4558 3005 4650 legisse,

3261 3383 3298 3574 l

3281 3709 3296 3874 l

3287 3877 3296 4004 ι
