3328 5326
1163 361 1669 426 THEOCRITUS.
2479 368 2549 428 3⁴
2567 366 2604 429 7

241 556 580 640 dialecto,
631 577 815 648 quae
863 554 1159 626 bucolici
1208 554 1531 625 carminis
1576 556 1858 649 propria
1906 566 2115 640 esset,
2156 558 2601 650 scripserunt,

239 670 316 731 ιιι
363 659 775 730 Theocritus
822 658 1200 754 Cyclopem
1250 668 1322 729 et
1370 659 1873 743 Heracliscum,
1928 657 2057 729 alia
2106 668 2337 731 autem
2372 662 2606 733 lonico

236 784 594 848 sermone,
632 763 883 855 quibus
919 762 977 832 is
1014 761 1237 855 aptior
1270 760 1650 847 videretur,
1692 771 1767 833 ut
1801 762 2128 833 Moschus
2157 763 2505 858 Europam
2541 776 2612 836 et

233 868 625 959 Megaram:
682 864 1069 937 cuiusmodi
1107 875 1268 937 Sunt
1312 866 1382 934 in
1420 864 1844 936 Theocriteis
1880 865 2016 935 hoc
2052 866 2366 958 quintum
2402 877 2473 937 et
2506 870 2613 938 vi-

235 971 577 1041 cesimum
616 990 898 1040 carmen
935 979 1042 1053 et,
1091 990 1298 1061 quem
1335 967 1701 1040 deterioris
1740 978 1989 1062 poetae
2026 990 2183 1039 esse
2223 980 2389 1063 puto
2423 971 2616 1041 simi—

234 1074 576 1165 liorisque
612 1071 1054 1156 CallimachO,
1092 1070 1390 1164 hymnus
1425 1072 1963 1143 Dioscurorum..

450 1176 780 1268 Quisquis
828 1187 1062 1248 autem
1113 1176 1272 1260 fuit,
1324 1176 1440 1268 qui
1493 1176 1626 1247 hoc
1673 1175 1764 1246 de
1805 1192 1952 1267 ’quo
2002 1173 2278 1268 disputo
2329 1196 2613 1246 carmen

236 1280 558 1373 scripsit,
611 1280 855 1371 quaeri
903 1287 1165 1395 potest,
1218 1280 1544 1370 quoniam
1591 1299 1872 1348 carmen
1922 1298 2062 1348 non
2099 1278 2443 1395 integrum
2479 1291 2611 1364 est,

237 1383 414 1476 quid
465 1383 578 1453 ille
629 1383 898 1454 consilii
962 1382 1031 1451 in
1098 1380 1470 1453 condendo
1533 1382 1668 1452 hoc
1721 1392 2042 1475 poemate
2102 1381 2191 1453 sit
2251 1392 2611 1473 sequutuS,

237 1488 591 1581 qualeque
627 1495 837 1570 esset,
876 1487 934 1556 si
971 1488 1313 1577 integrum
1349 1485 1787 1555 haberemus.
1860 1484 2090 1577 Atque
2127 1496 2441 1578 apertum
2479 1497 2610 1570 est,

240 1590 314 1661 id
368 1612 513 1683 quo
560 1591 793 1660 omnia
845 1589 1138 1660 tendunt
1187 1579 1725 1681 descriptionem
1771 1608 1928 1659 esse
1967 1608 2241 1681 pugnae
2279 1609 2440 1659 cum
2476 1588 2615 1659 Ne-

238 1714 495 1765 meaeo
531 1694 770 1777 leone,
824 1714 982 1763 cum
1035 1712 1170 1784 qua
1206 1701 1482 1762 caetera
1519 1700 1710 1762 tanta
1747 1702 1894 1762 arte
1930 1702 2259 1763 contexta
2297 1701 2488 1776 sunt,
2528 1713 2612 1762 ea

241 1797 628 1890 descriptio
663 1807 740 1867 ut
774 1817 1002 1888 neque
1037 1795 1351 1887 quaesita
1384 1816 1517 1865 nec
1553 1816 1723 1865 casu
1758 1795 2026 1880 oblata,
2065 1795 2194 1866 sed
2228 1816 2355 1888 per
2390 1794 2614 1888 ipsum

242 1922 483 1972 rerum
520 1909 946 1970 narratarum
982 1897 1294 1970 ordinem
1331 1899 1731 1969 necessaria
1766 1920 1923 1968 esse
1958 1897 2288 1970 videatur.
2348 1898 2615 1982 Quodsi

242 2004 450 2089 haec,
488 2012 564 2075 ιιι
599 2003 897 2086 videtur,
936 2023 1202 2075 Summa
1239 2010 1348 2072 est
1373 2001 1782 2094 argumenti,
1821 2001 1989 2071 nihil
2025 2000 2114 2072 ad
2152 2001 2616 2093 integritatem

249 2107 506 2179 deesse
544 2106 863 2189 carmini,
902 2126 1108 2197 quam
1146 2105 1407 2174 initium
1456 2114 1527 2174 et
1562 2105 1820 2196 aliquid
1856 2107 1927 2175 in
1966 2104 2194 2176 medio
2231 2103 2612 2198 putandum

248 2211 403 2282 erit.
460 2210 699 2279 Finem
736 2209 923 2279 enim
960 2207 1211 2279 deesse
1246 2229 1387 2277 non
1425 2209 1642 2278 ausim
1681 2207 2146 2294 contendere,
2199 2208 2328 2278 etsi
2379 2208 2615 2278 insoli-

246 2324 397 2386 tum
447 2324 585 2398 est,
639 2311 826 2404 quod
874 2313 1023 2404 ipsa
1075 2312 1465 2382 narratione
1503 2311 1814 2383 Herculis
1866 2312 2270 2382 terminatur
2305 2332 2608 2382 carmen.

248 2417 392 2489 Sed
420 2416 513 2487 de
541 2417 647 2486 his
674 2437 848 2507 quas
877 2415 1214 2486 habemus
1240 2415 1552 2507 partibus
1579 2413 1878 2485 dubitari
1899 2424 2129 2508 potest
2148 2415 2614 2508 decerptaene

245 2522 387 2592 sint
436 2541 532 2590 ex
579 2520 893 2611 longiore
945 2527 1292 2612 poemate,
1341 2539 1429 2588 an
1480 2520 1669 2589 solae
1725 2540 1765 2588 a
1813 2528 2020 2612 poeta
2070 2518 2370 2612 scriptae
2407 2527 2615 2610 atque

248 2626 686 2708 elaboratae,
755 2631 831 2695 ut
879 2643 1001 2694 eas
1051 2631 1329 2718 postea,
1393 2621 1646 2693 additis
1695 2643 1876 2716 quae
1927 2621 2210 2708 desunt,
2269 2621 2341 2693 in
2402 2643 2614 2694 unum

248 2750 503 2823 poema
542 2728 1015 2819 coniungeret.
1073 2726 1248 2796 Nihil
1288 2727 1471 2796 enim
1509 2727 1716 2819 cogit,
1757 2735 1832 2797 ut
1858 2726 2225 2798 credamus
2262 2734 2506 2820 poetas
2543 2727 2612 2795 in
2635 2752 2684 2803 p.
2703 2742 2794 2788 97⁴

250 2832 637 2905 condendis
675 2830 1095 2902 carminibus
1149 2830 1235 2900 ab
1272 2829 1560 2899 exordio
1598 2832 1832 2899 facere
1870 2830 2134 2900 initium
2173 2839 2381 2921 atque
2418 2830 2616 2900 dein-

250 2959 419 3031 ceps
473 2935 706 3005 omnia
749 2934 998 3007 ordine
1051 2943 1446 3025 pertexere,
1501 2942 1571 3001 et
1616 2954 1759 3002 non
1794 2933 2055 3024 potiuS,
2113 2932 2227 3003 ubi
2277 2953 2615 3002 summam

251 3039 595 3156 poematis
632 3038 862 3108 animo
899 3035 1433 3129 designaverint,
1464 3046 1696 3150 partes
1724 3035 2010 3127 aliquaS,
2040 3034 2266 3126 prouti
2296 3057 2615 3126 quaeque

255 3142 597 3216 suavitate
634 3151 754 3212 aut
789 3141 1104 3211 ubertate
1141 3137 1518 3233 argumenti
1547 3137 1806 3221 invitet,
1838 3135 2199 3230 perficere,
2229 3146 2450 3208 totum
2480 3138 2615 3207 alio

255 3259 571 3340 tempore
608 3242 1136 3337 composituros
1222 3241 1368 3311 Sive
1403 3240 1606 3333 igitur
1642 3240 1777 3310 hae
1812 3240 1993 3311 duae
2029 3249 2287 3334 parteS,
2324 3262 2506 3332 quae
2543 3240 2614 3309 in

255 3352 446 3422 libris
506 3350 827 3441 leguntur
847 3401 865 3432 ,
919 3348 1113 3418 solae
1161 3367 1202 3416 a
1251 3353 1454 3440 poeta
1500 3356 1659 3416 sunt
1706 3343 2152 3438 perscriptae,
2193 3343 2341 3414 sive
2380 3365 2474 3413 ex
2508 3344 2615 3414 in-

261 3466 457 3548 tegro
512 3473 764 3546 opere,
815 3449 1006 3544 quod
1056 3448 1678 3543 praestantissimae
1731 3447 2168 3532 viderentur,
2213 3447 2612 3540 decerptae,

262 3568 451 3630 certe
499 3575 749 3649 poema
798 3553 1000 3639 illud,
1052 3553 1240 3646 quod
1277 3553 1381 3623 vel
1418 3551 1801 3623 absolverat
1834 3561 2077 3646 poeta,
2114 3551 2221 3622 vel
2259 3551 2615 3622 absolvere

261 3663 330 3732 in
366 3661 597 3733 animo
634 3658 1007 3742 habuerat,
1045 3678 1187 3727 non
1222 3656 1545 3727 Heraclea
1580 3655 1842 3746 aliqua,
1880 3654 2008 3726 sed
2042 3654 2303 3746 Augeis
2340 3654 2616 3724 videtur

263 3764 499 3849 fuisse,
527 3783 720 3855 quae
756 3762 1125 3833 adventum
1161 3760 1462 3831 Herculis
1512 3758 1600 3830 ad
1636 3757 1962 3851 Augiam,
2002 3778 2427 3851 operamque
2462 3759 2615 3850 ejus

264 3869 332 3938 in
367 3865 751 3963 purgandis
788 3865 1076 3939 stabulis
1113 3873 1505 3957 exponeret.

467 3970 725 4041 Habuit
772 3968 907 4039 hoc
958 3989 1210 4061 poema
1259 3967 1568 4041 eamdem
1622 3975 1921 4048 sortem,
1984 3985 2195 4056 quam
2248 3963 2485 4035 Bionis
2549 3975 2619 4036 et

269 4073 531 4146 Moschi
571 4074 902 4143 carmina.
963 4074 1128 4142 Tam
1158 4091 1437 4164 magnae
1464 4070 1641 4140 enim
1672 4079 1951 4160 tamque
1979 4067 2380 4137 mirabiles
2363 4090 2432 4137 ιιι
2471 4078 2618 4138 ιοι3

273 4177 385 4249 illa
421 4177 768 4248 Theocriti
806 4176 1196 4269 idylliorum
1234 4173 1601 4268 appendice
1637 4173 2072 4243 inveniuntur
2107 4171 2436 4243 librorum
2475 4171 2619 4242 dis-

273 4282 665 4375 crepantiae
687 4335 705 4365 ,
762 4289 870 4364 ut,
910 4301 1122 4371 quum
1160 4298 1375 4370 neque
1410 4276 1614 4349 iidem
1667 4276 1823 4346 libri
1861 4284 2263 4345 constanter
2297 4276 2618 4347 meliores

277 4386 645 4479 scripturas
682 4384 1086 4478 praebeant,
1126 4382 1193 4451 in
1233 4380 1533 4453 omnibus
1570 4389 1799 4451 autem
1828 4378 2188 4449 manifesta
2219 4380 2356 4449 Sint
2382 4401 2621 4449 emen-

281 4487 569 4559 dationis
609 4487 923 4579 vestigia,
964 4485 1131 4555 nihil
1171 4485 1473 4555 relictum
1508 4483 1838 4566 videatur,
1878 4503 2086 4573 quam
2118 4491 2191 4553 ut
2227 4482 2619 4574 antiquissi-

280 4614 460 4664 mum
496 4591 838 4676 codicem,
878 4612 971 4661 ex
1005 4610 1145 4682 quo
1181 4587 1385 4660 nostri
1421 4597 1571 4658 Sunt
1606 4586 1756 4656 libri
1807 4585 2178 4679 exscripti,
2233 4594 2351 4657 aut
2401 4583 2621 4655 adno-
