3328 5326
1207 364 1715 427 TflEoGRH'US.
2520 365 2644 428 3229

472 861 589 945 DE
642 859 879 946 ARTE
932 860 1245 948 POESIS
1298 857 1810 945 GRAEGORUM
1862 860 2425 964 BUGOLIOAE.*)

472 1074 758 1145 Poetam
810 1075 942 1145 etsi
992 1075 1347 1169 ingenium
1396 1074 1593 1158 facit,
1648 1083 1883 1144 tamen
1931 1077 2164 1167 poesis
2201 1096 2342 1145 non
2391 1074 2470 1148 fit
2515 1077 2766 1157 nisip.⁸

276 1199 377 1248 ars
431 1178 745 1249 accedat.
833 1178 966 1249 Ars
1016 1188 1252 1250 autem
1303 1178 1699 1249 continetur
1754 1178 2247 1276 observatione
2299 1190 2647 1252 cert-arum

275 1282 526 1374 legum:
583 1292 791 1374 atque
845 1292 921 1354 ut
969 1302 1232 1375 genera
1268 1283 1501 1375 poesis
1538 1284 1720 1352 inter
1755 1302 1832 1351 se
1871 1280 2223 1368 differunt,
2262 1285 2358 1354 ita
2394 1303 2647 1355 unum-

275 1385 597 1478 quodque
647 1407 873 1480 genus
920 1407 1084 1456 suas
1121 1385 1461 1481 quasdam
1499 1385 1695 1478 leges
1733 1384 1968 1469 habet,
2006 1405 2180 1477 quas
2216 1388 2277 1456 si
2312 1389 2468 1479 quis
2506 1409 2647 1458 non

278 1499 491 1573 tenet,
543 1510 677 1560 nec
725 1490 815 1560 de
869 1499 1018 1560 arte
1071 1501 1260 1560 recte
1313 1489 1658 1573 iudicare,
1708 1510 1839 1559 nec
1888 1489 1948 1559 si
1985 1488 2152 1581 quid
2188 1479 2504 1562 vitiatum
2542 1500 2652 1561 est

273 1595 418 1663 sine
481 1613 720 1664 errore
784 1594 1134 1685 corrigere
1193 1602 1445 1686 potest.
1557 1593 1743 1663 Illius
1795 1593 2110 1685 generis,
2166 1593 2356 1685 quod
2402 1596 2554 1665 sive
2605 1614 2647 1663 a

280 1696 640 1768 Theocrito
692 1698 845 1767 sive
900 1697 988 1767 ab
1043 1698 1178 1767 alio
1231 1698 1591 1767 inventum
1644 1696 2040 1767 bucolicum
2088 1705 2414 1782 vocatur,
2466 1717 2648 1789 quae

275 1800 458 1892 leges
496 1802 634 1871 sint
668 1802 738 1871 in
774 1802 1176 1871 universum
1206 1799 1490 1892 qui-dem
1518 1801 1873 1891 cognitum
1901 1809 2032 1885 est,
2070 1800 2197 1870 sed
2234 1822 2448 1892 quum
2472 1821 2649 1893 quas

275 1905 417 1975 eius
467 1906 795 1996 reliquias
847 1903 1183 1987 habemus
1228 1904 1463 1974 multis
1507 1904 1576 1974 in
1631 1904 1800 1973 locis
1840 1902 2047 1973 valde
2083 1914 2451 1996 corruptae
2486 1903 2646 1988 sint,

276 2028 774 2101 saepenumero
825 2007 1126 2079 dubitari
1176 2006 1497 2077 videmus
1547 2005 2003 2077 ferendumne
2024 2006 2216 2098 ‘quid
2263 2009 2354 2078 sit
2402 2029 2489 2077 an
2534 2027 2648 2077 re-

273 2111 662 2182 iiciendum.
719 2111 954 2195 Quare
989 2131 1247 2203 operae
1284 2111 1581 2203 pretium
1610 2120 1719 2180 est
1743 2130 2085 2202 quaerere
2112 2131 2252 2202 quo
2280 2111 2492 2182 modo
2518 2133 2649 2183 nos

275 2236 357 2284 ex
393 2216 508 2285 illa
550 2214 1000 2286 fluctuatione
1038 2213 1374 2306 expedire
1413 2215 1776 2306 possimus

474 2318 759 2391 Planum
798 2328 905 2389 est
941 2318 1381 2388 Theocritum
1417 2317 1712 2409 eiusque
1749 2326 2132 2387 sectatores
2168 2318 2399 2408 qualia
2438 2318 2649 2390 Siculi

275 2431 585 2513 pastores
652 2422 807 2493 rudi
864 2423 1206 2492 sermonis
1257 2430 1328 2491 et
1377 2443 1712 2492 versuum
1761 2440 2021 2512 genere
2075 2420 2415 2492 modulari
2467 2423 2650 2493 sole-

277 2524 468 2610 bant,
522 2547 729 2623 versu
790 2526 1076 2596 heroico
1140 2525 1408 2596 inclusa
1470 2525 1907 2616 limatiusque
1972 2525 2279 2617 expolita
2349 2525 2650 2597 imitatos

277 2649 447 2700 esse.
524 2630 765 2722 ltaque
816 2631 1040 2724 primo
1084 2630 1472 2701 communis
1511 2627 1672 2700 huic
1708 2628 1943 2722 poesis
1977 2629 2222 2722 generi
2260 2637 2368 2700 est
2401 2649 2650 2701 versus

274 2731 590 2804 heroicus
641 2735 760 2805 tali
808 2742 1358 2828 temperamento
1408 2735 1664 2817 factuS,
1720 2741 1797 2803 ut
1847 2733 2180 2803 credibile
2227 2734 2316 2804 sit
2352 2734 2650 2826 aliquam

279 2857 428 2907 eum
457 2837 974 2908 similitudinem
1012 2859 1170 2909 cum
1208 2837 1338 2906 illis
1376 2838 1683 2908 numeris
1718 2837 2007 2921 referre,
2046 2837 2298 2928 quibus
2331 2847 2649 2929 pastores

275 2941 340 3009 in
404 2940 634 3011 Sicilia
696 2941 796 3013 uti
860 2950 1400 3011 consueverant:
1478 2939 1569 3010 de
1632 2961 1771 3031 qua
1832 2960 1909 3009 re
1971 2939 2419 3031 probabiliter
2481 2940 2654 3011 dixit

279 3043 502 3113 Herm.
542 3043 961 3115 Fritzschius
1014 3044 1081 3112 in
1135 3043 1623 3114 dissertatione
1689 3062 1899 3134 quam
1959 3042 2234 3135 scripsit
2283 3042 2374 3112 de
2425 3044 2650 3134 poetis

279 3146 696 3219 Graecorum
744 3147 1081 3218 bucolicis
1132 3168 1197 3239 p.
1248 3147 1369 3219 20.
1475 3145 1745 3216 Metrici
1807 3144 2090 3239 quidem
2149 3153 2419 3215 veteres
2483 3148 2651 3216 satis

273 3247 665 3323 habuerunt
689 3272 1075 3322 'caesuram
1113 3272 1318 3342 quam
1373 3249 1767 3320 bucolicam
1802 3257 2063 3318 vocant
2095 3247 2473 3333 adnotare,
2512 3270 2653 3341 qua

274 3355 555 3426 verbum
592 3377 751 3426 cum
788 3365 1037 3447 quarto
1065 3354 1344 3447 dactylo
1381 3352 1732 3424 finiretur:
1772 3372 1998 3444 eaque
2035 3373 2205 3422 sane
2243 3352 2312 3420 in
2350 3352 2457 3422 his
2496 3350 2677 3422 car—¹

280 3458 575 3530 minibus
627 3469 768 3529 tam
823 3459 1070 3529 crebra
1122 3468 1232 3528 est
1282 3466 1360 3529 ut
1411 3456 1715 3550 legitima
1765 3457 1853 3526 sit
1909 3455 2285 3526 censenda.
2395 3456 2652 3527 Verum

278 3581 477 3651 quum
518 3565 725 3633 etiam
764 3562 1155 3654 spondeum
1192 3583 1277 3631 eo
1316 3563 1470 3630 loco
1508 3558 1704 3630 multi
1737 3580 1989 3631 versus
2033 3559 2368 3644 habeant,
2419 3570 2651 3630 tamen

281 3676 608 3738 caverunt
679 3675 931 3759 poetae
1001 3665 1302 3737 bucolic-i
1364 3665 1434 3733 in
1496 3663 1628 3733 illis
1690 3662 1975 3755 quidem
2053 3663 2515 3748 carminibuS,
2579 3665 2652 3734 in

279 3768 519 3857 quibus
569 3770 686 3840 vel
738 3769 915 3839 inter
962 3779 1281 3863 pastores
1332 3788 1479 3837 rem
1527 3768 1638 3860 agi
1691 3764 2047 3838 finxerunt
2081 3767 2194 3837 vel
2232 3767 2363 3859 ipsi
2402 3767 2652 3837 imitari

281 3871 642 3944 voluerunt
696 3882 974 3944 cantum
1028 3882 1418 3966 pastorum,
1474 3892 1565 3940 ne
1617 3879 1938 3962 quartum
1991 3869 2244 3963 pedem
2296 3870 2653 3964 spondeus

283 3969 528 4062 finiret,
583 3977 674 4047 de
723 3998 861 4069 quo
912 3976 1291 4070 disputavit
1337 3974 1636 4044 Thomas
1681 3973 2273 4044 Wordsvvorthius
2325 3974 2394 4043 in
2442 3995 2647 4067 prae-

290 4077 536 4150 fatione
564 4081 933 4165 Theocriti,
977 4090 1163 4150 recte
1201 4079 1316 4149 ille
1356 4077 1624 4148 addens
1661 4098 1800 4147 non
1832 4074 2210 4169 improbari
2239 4078 2652 4171 spondeum,

287 4183 466 4253 cuius
503 4184 738 4256 ultima
779 4184 1048 4278 syllaba
1085 4191 1274 4254 esset
1312 4203 1454 4253 vox
1493 4181 1971 4274 monosyllaba
2007 4201 2189 4272 quae
2227 4181 2317 4252 ad
2354 4203 2657 4274 sequen*-

293 4283 378 4352 tia
403 4289 610 4358 verba
640 4290 1042 4381 pertineret,
1076 4286 1453 4379 improbari
1491 4297 1725 4357 autem
1763 4286 1821 4355 si
1860 4292 2049 4355 esset
2085 4285 2460 4356 coniuncta
2498 4306 2658 4356 cum

289 4392 885 4476 praecedentibus;
925 4410 1143 4483 quare
1181 4390 1249 4459 in
1287 4389 1635 4459 Theocriti
1672 4390 1720 4460 1.
1756 4392 1823 4460 6.

450 4608 501 4693 *7
540 4613 717 4675 Edita
749 4622 844 4673 est
874 4630 929 4673 a.
968 4611 1153 4671 1818.
1222 4578 1228 4585 ’
