3328 5326
1263 333 1673 401 PINDARUS.
2578 336 2658 401 ¹79

289 548 414 621 pro
452 548 562 612 eo,
594 526 784 619 quod
822 526 1011 621 apud
1036 526 1438 619 Dionysium
1476 536 1547 596 et
1584 526 2019 603 Plutarchum
2059 537 2167 599 est
2191 525 2661 620 κλεπτόμενον

291 631 518 702 intulit
544 632 616 700 iu
651 631 870 702 verba
896 631 1195 715 Pindari,
1235 651 1499 722 negans
1528 630 1694 700 ferri
1728 651 1937 723 posse
1962 627 2456 722 κλεπτόμενον,
2492 653 2661 701 con-
2714 710 2719 716 ,

286 734 728 826 tendensque
756 756 907 806 non
956 733 1134 807 tueri
1176 733 1256 805 id
1284 733 1755 809 Plutarchum.
1832 733 2013 821 Quid
2049 756 2211 805 vero
2228 736 2262 801 ἰ)
2341 734 2522 807 Num
2555 737 2660 806 sol

290 859 429 908 non
493 838 906 911 subducitur
965 837 1197 910 medio
1261 837 1408 923 die,
1472 859 1687 929 quum
1743 837 1930 907 orbis
1993 837 2143 911 eius
2202 838 2661 910 obscuratur?

285 941 501 1012 Immo
537 946 614 1012 ἐν
650 943 881 1036 ἁμέρᾳ
914 938 1344 1034 βλεπόμενον
1378 940 1645 1035 ἄστρον
1687 939 1801 1011 hic
1839 940 2431 1034 satis.importune
2469 940 2664 1013 dice—

287 1055 510 1130 retur,
551 1066 780 1136 neque
826 1054 903 1116 ut
953 1043 1340 1139 comparari
1389 1044 1608 1136 possit
1652 1065 1813 1119 cum
1867 1043 2000 1115 illis
2048 1045 2284 1116 verbis
2331 1045 2402 1115 in
2439 1046 2662 1138 primo

286 1150 595 1219 carmine
631 1148 1134 1241 Olympiorum:
1175 1146 1417 1242 μηκέθ’
1458 1146 1661 1217 ἁλίου
1701 1143 1942 1221 σκόπει
1977 1148 2139 1221 ἄλλο
2175 1145 2663 1243 θαλπνότερον

282 1256 358 1322 ἐν
403 1253 642 1347 ἁμέρᾳ
694 1252 1001 1346 φαεννὸν
1045 1251 1310 1345 ἄστρον
1356 1246 1626 1345 ἐρήμας
1663 1250 1738 1319 δι’
1769 1252 2089 1345 αἰθέρος-ε
2132 1272 2269 1343 quo
2307 1253 2465 1323 loco
2499 1273 2664 1345 pro—

284 1365 529 1448 pterea
577 1356 681 1425 sol
732 1359 807 1426 ἐν
859 1355 1089 1451 ἁμέρᾳ
1140 1352 1441 1446 φαεννὰς
1493 1353 1910 1446 appellatur,
1963 1354 2186 1446 quod,
2241 1356 2358 1426 ubi
2409 1357 2661 1448 fugatis

285 1459 646 1530 nocturnis
698 1457 1042 1530 sideribus
1094 1457 1277 1527 diem
1317 1455 1503 1541 fecit,
1543 1457 1736 1528 solus
1784 1456 1857 1526 in
1891 1466 2090 1531 vasto
2129 1458 2412 1530 aethere
2450 1459 2657 1531 lucet.

288 1562 549 1633 Pariter
590 1561 762 1632 illud
811 1582 1091 1654 quoque
1139 1582 1267 1653 pro
1304 1581 1432 1635 suo
1468 1561 1689 1651 magis
1737 1561 2046 1647 arbitrio,
2085 1584 2292 1655 quam
2321 1563 2461 1635 ulla
2498 1584 2663 1655 pro-

285 1666 497 1736 babili
535 1687 786 1736 caussa
829 1665 1006 1736 dixit
1040 1663 1400 1756 BergkiuS,
1439 1662 1509 1735 in
1560 1662 1669 1737 his
1701 1664 2054 1743 Plutarchi
2106 1666 2338 1737 verbis
2377 1666 2448 1735 in
2484 1665 2661 1739 libro

288 1770 374 1841 de
411 1769 596 1840 facie
634 1770 705 1838 in
741 1770 915 1839 orbe
942 1769 1148 1841 lunae
1186 1789 1246 1838 c.
1294 1768 1409 1837 49.
1451 1790 1518 1859 p.
1553 1769 1726 1838 934.
1758 1768 1839 1839 E.
1875 1770 1947 1841 εἰ
1975 1768 2047 1838 δὲ
2082 1768 2180 1865 μὴ
2220 1771 2415 1841 Θέων
2452 1767 2663 1847 οὗτος

284 1873 408 1944 τὸν
456 1871 903 1966 Μίμνερμον
951 1867 1187 1953 ἑπάξει
1234 1869 1350 1941 καὶ
1396 1870 1526 1940 τὸν
1561 1869 1844 1941 Κυδίαν
1888 1871 2005 1943 καὶ
2050 1871 2176 1942 τὸν
2215 1870 2656 1967 Ἀρχίλοχον,

282 1975 462 2071 πρὸς
509 1975 584 2046 δὲ
627 1971 914 2052 τούτοις
956 1974 1084 2045 τὸν
1134 1971 1589 2068 Στησίχορον
1638 1972 1757 2045 καὶ
1804 1973 1932 2045 τὸν
1983 1971 2351 2069 Πίνδαρον
2398 1979 2472 2045 ἐν
2507 1980 2663 2052 ταῖς

284 2077 666 2172 ἐκλείψεσιν
714 2078 1284 2173 ὀλοφυρομένους
1326 2074 1453 2147 τὸν
1515 2071 2019 2169 φανερώτατον
2070 2132 2084 2146 .
2119 2129 2136 2148 .
2194 2073 2663 2168 κλεπτόμενον

282 2182 398 2252 καὶ
450 2183 645 2273 μέσῳ
692 2181 916 2272 ἄματι
951 2176 1176 2251 νύκτα
1219 2180 1598 2274 γενομένην
1646 2178 1764 2249 καὶ
1807 2179 1939 2274 τὴν
1985 2181 2230 2249 ἀκτῖνα
2279 2180 2408 2250 τοῦ
2459 2178 2662 2275 ἡλίου

288 2281 584 2362 σκότους
620 2282 940 2379 ἀτραπὸν
991 2336 1010 2354 .
1047 2338 1061 2352 .
1100 2336 1114 2351 .
1157 2276 1585 2375 φάσκοντας,
1621 2282 1692 2350 in
1727 2282 1835 2352 his
1883 2281 2088 2374 igitur
2123 2282 2360 2355 ultima
2397 2291 2660 2355 tantum

289 2409 377 2458 ex
412 2387 738 2473 Pindam,
779 2397 1012 2457 cetera
1061 2408 1156 2456 ex
1200 2383 1352 2454 aliis
1404 2406 1561 2463 esse
1608 2386 1832 2478 poetis
1890 2386 2124 2478 petita.
2199 2381 2663 2477 Βλεπόμενον

289 2514 448 2562 vero
472 2514 567 2563 ne
588 2492 877 2561 inferret
909 2491 981 2563 in
1004 2487 1396 2572 Pindarum,
1420 2489 1645 2581 ipsum
1670 2488 1840 2561 illud
1867 2490 2153 2563 verbum
2180 2510 2341 2561 eum
2362 2489 2663 2563 retinere

289 2606 601 2690 poterat,
650 2616 792 2689 quo
839 2593 1058 2666 verbo
1111 2592 1278 2677 etsi,
1327 2593 1643 2687 exceptis
1690 2593 1988 2686 antiquis
2041 2592 2294 2688 epicis,
2349 2593 2454 2666 usi
2505 2603 2665 2665 sunt

286 2722 531 2771 omnes
576 2700 991 2793 scriptores,
1042 2707 1276 2770 tamen
1329 2698 1682 2770 rarissime
1726 2697 1880 2789 quis
1933 2697 2082 2770 eius
2134 2697 2485 2790 passivam
2519 2699 2667 2769 for-

292 2825 472 2875 mam
508 2803 840 2878 inveniat.
914 2799 1211 2874 Accedit
1245 2800 1438 2892 quod
1482 2802 1762 2892 βλέπειν
1799 2810 1871 2872 et
1919 2800 2226 2872 κλέπτειν
2258 2801 2664 2894 saepissime

294 2907 469 2977 inter
531 2929 613 2977 se
664 2914 1055 3001 permutata
1117 2912 1297 2976 sunt.
1388 2905 1486 2976 Ita
1506 2957 1524 2988 ,
1575 2913 1651 2975 ut
1710 2904 1969 2998 passivi
2018 2903 2216 2976 verbi
2268 2906 2665 2998 exemplum

299 3011 613 3096 afferam,
660 3009 852 3102 apud
910 3007 1288 3082 Lucianum
1347 3006 1521 3078 Dial.
1575 3018 1777 3079 mort.
1831 3008 2001 3078 X11L
2062 3011 2127 3076 4.
2184 3029 2398 3098 quum
2449 3009 2667 3082 ceteri

297 3114 573 3186 codices
598 3114 985 3205 βλέπεσθαι
1019 3119 1327 3197 teneant,
1365 3133 1459 3186 ex
1492 3133 1633 3186 uno
1683 3112 1858 3184 libro
1894 3109 2105 3182 scribi
2158 3109 2496 3182 debebat:
2552 3112 2670 3188 καὶ

300 3218 434 3313 μὴν
467 3216 586 3288 καὶ
624 3215 785 3310 περὶ
817 3215 944 3311 τῆς
975 3210 1445 3305 Ὀλυμπιάδος
1482 3215 1702 3306 ὅμοια
1738 3216 2081 3305 ἐλέγοντο,
2115 3209 2470 3308 δράκοντα
2507 3215 2666 3307 ὁμι-

297 3324 427 3390 λεῖν
474 3319 656 3415 αὐτῆ
691 3318 808 3389 καὶ
836 3318 1266 3390 κλέπτεσθαι
1303 3322 1376 3389 ἐν
1410 3320 1498 3411 τῇ
1534 3320 1730 3410 εὐνῇ,
1769 3315 1924 3392 εἶτα
1961 3317 2148 3388 οὕτω
2186 3342 2262 3387 σε
2294 3318 2664 3413 τεχθῆναι,

298 3420 416 3492 τὸν
487 3422 561 3493 δὲ
631 3421 984 3493 Φίλιππον
1048 3422 1539 3517 ἐξηπατῆσθαι
1595 3416 1929 3513 οἰόμενον
1983 3420 2244 3492 ἑαυτοῦ
2313 3446 2388 3491 σε
2455 3417 2661 3492 εἶναι.

288 3525 477 3608 -Quid
527 3547 731 3611 ver0,
770 3525 829 3596 si
878 3523 1065 3598 idem
1116 3525 1376 3596 factum
1426 3533 1534 3598 est
1583 3525 1652 3594 in
1701 3524 1991 3617 epistola
2028 3523 2460 3608 Philostrati,
2500 3532 2575 3595 ut
2610 3524 2667 3593 is

296 3649 437 3698 -non
497 3630 729 3702 minus
795 3650 1004 3720 quam
1065 3625 1435 3720 Dionysius
1499 3626 1966 3719 κλεπτόμενον
2044 3626 2232 3720 apud
2300 3627 2668 3698 Pindarum

306 3731 584 3825 legerit?
654 3731 758 3801 Ac
794 3732 1000 3825 plane
1027 3753 1169 3806 non
1202 3730 1666 3804 dubitandum
1703 3731 2012 3816 videtur,
2053 3729 2218 3822 quin
2254 3730 2349 3802 ita
2387 3730 2668 3802 demum

298 3836 583 3907 consilio
636 3836 787 3907 eius
846 3835 1267 3907 conveniant
1309 3836 1528 3910 verba
1585 3834 1896 3920 Pindari,
1933 3834 1996 3908 si
2043 3855 2203 3908 eum
2237 3833 2373 3904 levi
2411 3832 2669 3906 menda

310 3939 567 4009 sublata
600 3939 705 4010 sic
740 3939 1101 4032 scripsisse
1138 3939 1560 4032 putabimus:
1599 3939 1691 4033 ἢν
1726 3939 1798 4008 εἴ
1822 3965 1948 4029 μοι
1984 3932 2358 4025 somme,
2402 3936 2669 4032 ἄστρον

308 4041 692 4137 ὑπέρτατον
738 4046 812 4114 ἐν
864 4042 1095 4137 ἁμέρᾳ
1127 4038 1595 4134 κλεπτόμενον
1650 4039 1895 4121 δόξεις.
1986 4038 2310 4114 Absurde
2348 4040 2556 4126 enim,
2595 4050 2673 4112 ut

304 4142 585 4215 hilarem
650 4146 914 4218 vultum
978 4145 1284 4220 mulieris
1344 4168 1504 4220 cum
1564 4144 1948 4216 meridiano
2000 4143 2148 4215 sole
2185 4154 2665 4237 compararet,

312 4244 574 4319 Pindari
607 4248 702 4319 de
737 4249 1112 4322 obscurato
1148 4249 1298 4320 sole
1332 4250 1551 4324 verba
1600 4247 2056 4332 adhibuisset,
2098 4269 2316 4340 quum
2351 4268 2671 4340 praeser-

308 4350 447 4437 tim,
468 4353 528 4423 si
547 4352 841 4424 Pindaro
874 4351 978 4424 uti
1010 4351 1235 4437 vellet,
1275 4351 1934 4426 convenientissima
1967 4352 2178 4424 verba
2216 4372 2309 4424 ex
2338 4351 2669 4444 Olympiis

304 4453 381 4521 in
423 4465 744 4549 promptu
788 4465 1043 4530 essent.
1129 4454 1205 4526 In
1253 4455 1335 4527 iis
1389 4478 1572 4549 quae
1625 4464 2010 4548 sequuntur
2062 4455 2388 4547 quoniam
2443 4454 2669 4534 minus

312 4556 509 4632 etiam
557 4580 766 4650 quam
801 4558 989 4653 apud
1026 4557 1396 4634 Pindarum
1434 4559 1814 4638 tolerabilis
1861 4560 2202 4636 Sententia
2254 4556 2571 4642 efficitur,
2609 4557 2670 4630 si
