3328 5326
623 379 704 440 62
1602 367 2003 439 HEsloD’US.

627 570 688 640 si
735 568 1121 640 cohaerent
1170 589 1328 639 cum
1378 568 1509 639 illis
1558 578 1884 660 quattuor
1917 568 2229 640 versibus
2279 568 2396 660 qui
2433 566 2866 662 praecedunt
2901 568 3009 637 in-

629 674 874 765 fraque
921 695 987 741 v.
1024 671 1193 743 807.
1238 672 1510 764 repetiti
1556 681 1749 756 sunt,
1798 672 2152 764 segregari
2207 670 2566 743 debebunt
2612 692 2654 741 a
2706 670 3011 765 strophis

470 815 524 868 p.
549 805 608 851 ιε
631 776 1096 867 Theogoniae.
1173 775 1527 846 Pertinent
1561 786 1791 847 autem
1833 796 2053 866 usque
2090 775 2180 845 ad
2219 796 2500 846 versum
2540 772 2709 845 744.
2750 774 2826 844 in
2867 798 3010 868 quo

632 878 964 949 finiuntur
997 879 1231 949 verbis
1267 879 1484 949 τοῦτο
1519 880 1755 973 τέρας.
1816 878 1991 949 Nam
2019 898 2201 970 quae
2229 877 2486 949 deinde
2515 877 2789 948 adiecta
2820 889 3006 964 sunt,

630 992 770 1052 tam
808 984 1116 1076 ineptum
1169 992 1329 1053 sunt
1375 981 1961 1065 additamentum,
2012 991 2087 1053 ut
2132 982 2262 1053 iste
2300 1003 2544 1054 versus
2582 980 2734 1052 aliis
2772 982 3009 1053 verbis

629 1084 950 1157 videatur
986 1086 1307 1178 expletus
1345 1086 1578 1157 fuisse.
1654 1087 1825 1155 Tum
1860 1107 2031 1155 vero
2076 1085 2279 1157 facile
2316 1086 2500 1157 duae
2536 1084 2865 1177 strophae
2902 1085 3014 1154 in-

629 1188 1031 1261 venientur:
1102 1210 1275 1281 quas
1339 1190 1642 1260 numeris
1704 1190 1801 1258 uti
1853 1210 1930 1258 se
1981 1188 2280 1260 offerunt
2330 1189 2625 1274 notah0‚
2679 1188 3012 1280 quoniam

630 1303 864 1364 certus
901 1291 1074 1364 ordo
1113 1292 1409 1362 inveniri
1444 1293 1702 1384 nequit.
1779 1291 1882 1362 Ac
1920 1293 2151 1363 statim
2187 1292 2303 1363 hic
2339 1314 2609 1377 versuS,
2651 1290 2819 1364 746.

837 1397 983 1466 τῶν
1017 1394 1270 1491 πρόσθ’
1308 1397 1654 1466 Ἰαπετοῖο
1692 1392 1858 1472 πάϊς
1893 1395 2031 1484 ἔχει
2065 1394 2369 1490 οὐρανὸν
2404 1393 2646 1489 εὐρύν,

632 1500 732 1570 sic
770 1500 955 1568 enim
993 1498 1438 1570 scribendum
1476 1508 1621 1584 est,
1669 1498 1959 1570 dubium
2006 1498 2330 1589 relinquit
2382 1499 2499 1590 qui
2551 1499 2688 1569 sint
2740 1499 2863 1585 illi,
2919 1499 3016 1570 de

632 1603 882 1696 quibus
920 1602 1181 1673 dictum
1220 1613 1326 1673 est
1360 1603 1617 1690 τῶνδε,
1659 1602 2029 1672 Titanesne
2066 1623 2155 1673 an
2191 1601 2652 1695 Hesperides:
2705 1624 2866 1673 nam
2920 1602 3015 1673 de

634 1707 738 1776 his
788 1707 1231 1798 cogitandum
1284 1715 1507 1789 esset,
1560 1704 1618 1773 si
1675 1704 1741 1773 hi
1782 1726 2025 1776 versus
2061 1727 2200 1775 non
2248 1705 2394 1776 hoc·
2432 1707 2626 1791 loco,
2683 1707 2812 1779 sed
2860 1717 3020 1800 post

631 1833 698 1880 v.
747 1813 915 1880 549.
958 1811 1374 1901 legerentur.
1448 1809 1800 1880 Habemus
1837 1810 2041 1901 igitur
2077 1809 2203 1881 has
2240 1809 2598 1902 strophas:
2642 1810 2806 1881 CXI.
2833 1809 3012 1882 746.

635 1912 679 1984 7
690 1912 937 1984 48-7
947 1917 1064 1983 51.
1126 1912 1319 1982 CXII.
1357 1912 1656 1984 752-7
1666 1914 1782 1983 56.
1843 1913 2038 1984 Duae
2076 1914 2251 1983 aliae
2278 1912 2370 1983 de
2400 1914 2659 1985 Somno
2686 1923 2758 1983 et
2784 1915 3020 1985 Morte

631 2026 816 2100 sunt,
858 2016 985 2087 sed
1023 2037 1262 2087 earum
1300 2017 1509 2132 priori
1541 2015 1744 2086 deest
1772 2037 2033 2099 versuS,
2073 2017 2192 2107 qui
2229 2016 2470 2087 nescio
2508 2038 2597 2086 an
2634 2018 3021 2088 maximam

632 2130 900 2213 partem
936 2129 1253 2190 servatus
1291 2119 1378 2189 sit
1414 2120 1484 2189 in
1520 2141 1733 2189 versu
1772 2118 1942 2191 745.
1984 2129 2060 2190 ut
2106 2119 2433 2213 strophae
2470 2121 2738 2192 initium
2774 2121 3021 2193 huius-

634 2224 825 2294 modi
861 2224 1100 2294 fuerit:

636 2326 785 2398 758
944 2326 1124 2397 ἔνθα
1161 2325 1235 2395 δὲ
1271 2323 1550 2400 Νυκτὸς
1586 2327 1827 2401 παῖδες
1860 2327 2157 2421 ἐρεμνῆς
2191 2325 2352 2396 οικι”
2394 2326 2669 2414 ἔχουσιν

640 2427 788 2501 745
844 2433 919 2499 ἐν
952 2426 1273 2518 μυχάτῳ,
1315 2427 1602 2519 νεφέλῃς
1635 2429 2117 2518 κεκαλυμμένα
2149 2430 2542 2521 κυανέῃσιν.

636 2533 859 2601 Erunt
929 2531 1134 2622 igitur
1204 2528 1335 2598 hae
1408 2529 1733 2621 strophae
1807 2523 2057 2599 Cxluss-
2097 2531 2265 2601 758.
2338 2532 2379 2602 7
2391 2530 2507 2603 45.
2577 2533 2621 2603 7
2630 2532 3013 2605 59-764,

637 2634 862 2706 CXIV.
909 2633 1336 2708 762—766.
1424 2632 1524 2702 In.
1553 2632 1683 2703 hac
1720 2655 1787 2704 v.
1823 2633 1992 2705 764.
2034 2634 2480 2706 scribendum
2530 2637 2661 2707 τοῦ
2713 2636 2785 2708 δὲ
2823 2640 3017 2735 σιδη-

634 2737 788 2835 ρείη
829 2737 1118 2833 κραδίη,
1158 2758 1342 2829 quae
1379 2736 1642 2807 codicis
1679 2738 1994 2808 Emman.
2037 2738 2376 2831 scriptura
2412 2750 2483 2809 et
2519 2759 2560 2808 a
2597 2740 3020 2834 Goettlingio

636 2852 710 2912 et
772 2863 813 2911 a
874 2841 1228 2934 Lennepio
1301 2842 1621 2933 neglecta
1686 2850 1813 2912 est.
1928 2840 2120 2910 CXV.
2179 2841 2348 2913 767.
2410 2843 2451 2913 7
2461 2844 2708 2914 69-7
2719 2844 2838 2917 72.
2898 2846 3021 2916 ubi

636 2941 906 3016 δοκεύει
940 2945 1296 3037 stropham
1332 2946 1743 3015 terminasse
1789 2943 2076 3015 videtur.
2180 2946 2332 3016 Non
2386 2947 2553 3016 satis
2598 2959 2746 3017 erat
2797 2949 3016 3022 credo

638 3048 1147 3143 interpolatori,
1201 3048 1260 3118 si
1307 3046 1613 3118 officium
1664 3070 1864 3119 suum
1918 3051 2180 3118 faceret
2233 3048 2575 3121 Cerberus
2598 3104 2615 3134 ‚
2673 3051 2868 3122 exire
2923 3075 3019 3122 ex

635 3152 820 3223 Orco
859 3152 1268 3246 prohibens,
1308 3151 1437 3222 sed
1471 3151 1682 3222 voluit
1715 3153 1922 3222 etiam
1962 3152 2438 3223 terribiliorem
2494 3155 2726 3224 facere
2776 3176 3021 3226 come-

638 3256 888 3326 dendis
925 3257 1043 3348 qui
1080 3256 1342 3326 exitum
1378 3264 1746 3326 tentarent.

846 3358 1163 3428 Proxima
1201 3367 1311 3428 est
1347 3357 1721 3451 descriptio
1754 3357 2004 3449 StygiS,
2042 3379 2223 3448 quae
2260 3381 2474 3451 quum
2511 3360 2687 3431 iusta
2724 3362 3019 3454 stropha

639 3460 956 3552 incipiat,
1031 3461 1255 3530 CXVI.
1329 3461 1649 3532 775-7
1660 3464 1700 3531 7
1711 3465 1779 3531 9.
1858 3461 2072 3530 latere
2142 3462 2351 3532 etiam
2420 3462 2490 3531 in
2562 3465 3020 3554 sequentibus

636 3563 961 3655 strophas
1013 3563 1504 3657 suspicandum
1557 3564 1708 3633 erit.
1797 3564 1887 3634 Et
1936 3564 2163 3633 statim
2201 3565 2454 3656 quibus
2487 3577 2816 3658 quattuor
2851 3591 3023 3640 ver-

635 3666 834 3737 sibus
869 3666 992 3736 lris
1028 3688 1186 3736 raro
1225 3667 1563 3738 accedere
1602 3666 1696 3737 ad
1734 3667 2019 3760 Stygem
2055 3666 2328 3752 dicitur,

764 3824 769 3830 .
849 3767 1093 3839 ὁππότ’
1135 3769 1277 3863 ἔρις
1311 3769 1428 3839 καὶ
1461 3776 1684 3848 νεῖκος
1718 3775 1793 3842 ἐν
1829 3768 2307 3842 ἀθανάτοισιν
2344 3771 2624 3868 ὄρηται,

847 3871 969 3942 καί
1001 3875 1064 3969 ρ’
1112 3872 1306 3947 ὅστις
1341 3869 1686 3968 ψεύδηται
1717 3871 2058 3964 Ὀλυμπια
2094 3872 2352 3965 (δώματ’
2392 3873 2723 3964 ἑχόντων,

642 3994 780 4044 non
820 3976 1043 4046 solum
1096 3974 1549 4060 inconcinne,
1589 3976 1715 4047 sed
1754 3997 1843 4045 ne
1879 3986 2070 4046 recte
2119 3977 2401 4068 quidem
2440 3978 2788 4048 coniuncti
2826 3992 3017 4068 sunt,

642 4085 719 4147 ut
755 4078 1026 4149 medius
1064 4080 1242 4148 inter
1278 4078 1405 4149 hos
1440 4099 1558 4148 vel
1559 4100 1678 4149 sus
1715 4079 2054 4150 interiisse
2089 4080 2432 4166 videatur,
2472 4081 2603 4151 hac
2640 4085 3018 4172 sententia,

641 4182 1098 4275 κρινομένων,
1143 4182 1219 4258 ὃς
1254 4181 1489 4253 πᾶσαν
1516 4180 1856 4276 ἀληθείην
1880 4185 2234 4277 καταλέξῃ.
2294 4183 2406 4253 Sic
2434 4184 2655 4256 iustae
2681 4187 3021 4280 strophae

639 4294 846 4354 erunt
885 4281 1133 4354 CXVll.
1173 4284 1600 4356 780—783.
1661 4284 1939 4355 CXVIII.
1977 4285 2272 4357 784-7
2285 4289 2401 4359 88.
2459 4290 2653 4373 Quae
2706 4311 3022 4382 sequun—

644 4397 756 4458 tur
807 4386 1080 4456 turbata
1131 4408 1287 4457 esse
1341 4388 1445 4457 vel
1498 4387 1827 4458 librorum
1881 4390 2265 4484 scripturae
2314 4391 2640 4462 indicant.
2697 4392 3019 4468 Omissus

638 4499 751 4561 est
802 4510 1041 4560 versus
1095 4490 1263 4559 789.
1306 4490 1374 4558 in
1430 4490 1687 4580 aliquot
1741 4491 2129 4576 codicibus;
2186 4517 2244 4562 v.
2283 4493 2450 4563 794.
2493 4505 2721 4565 autem
2775 4498 3021 4571 codex

637 4595 863 4664 Emm.
903 4593 1283 4682 εἱλιγμένα,
1324 4593 1615 4664 Ioannes
1651 4594 2000 4668 Diaconus
2035 4606 2264 4667 autem
2303 4599 2686 4689 εἰλιγμένον
2720 4597 3014 4675 habent.
