3328 5326
670 387 699 445 1
719 387 791 444 10
1653 382 2053 445 PINDARUS.

672 576 868 670 dingt
905 597 1091 659 war,
1148 576 1309 645 kein
1345 575 1583 646 Grund
1620 575 2028 647 vorhanden
2083 575 2171 644 ist
2219 574 2358 645 den
2398 572 2648 644 Pindar
2692 574 2887 643 nicht
2944 574 3060 643 fur

672 680 812 751 den
850 680 1207 750 Verfasser
1243 678 1370 750 des
1409 678 1742 749 Gedichts
1780 702 1863 749 zu
1899 679 2154 750 halteu.

546 1545 607 1600 ρ.
626 1536 651 1580 3
674 1497 1372 1581 EMENDATIONES
1436 1496 1834 1581 QUINQUE
1908 1496 2395 1580 GARMINUM
2458 1495 3052 1579 OLYMPIORUM

1610 1616 2013 1699 PINDARI.
2034 1620 2098 1717 *ἢ

884 1832 1055 1901 Sunt
1108 1830 1357 1922 quibus
1407 1830 1639 1899 omnia
1687 1828 2020 1914 diflicilia,
2072 1839 2231 1899 sunt
2277 1830 2484 1898 etiam
2533 1829 2781 1920 quibus
2820 1829 3045 1899 facilia

677 1934 906 2004 omnia
954 1933 1288 2004 videntur.
1389 1933 1765 2025 Utrumque
1815 1955 2053 2004 eorum
2104 1943 2246 2017 est,
2295 1932 2412 2024 qui
2462 1953 2610 2001 rem
2656 1954 2865 2024 quam
2917 1932 3049 2003 sibi

677 2037 1022 2130 agendam
1075 2047 1550 2129 sumpserunt,
1599 2058 1739 2107 non
1794 2038 1959 2107 satis
2010 2036 2360 2130 cognitam
2407 2035 2689 2106 habeut.
2779 2035 2957 2107 Nam
2994 2037 3051 2106 si

672 2141 831 2235 quis
868 2141 1090 2211 nescit
1126 2142 1333 2232 quale
1370 2141 1459 2210 sit
1495 2139 1588 2224 id,
1629 2140 1699 2208 in
1736 2163 1873 2232 quo
1910 2160 2191 2233 operam
2230 2159 2423 2209 suam
2463 2140 2678 2231 ponit,
2719 2138 2869 2208 fieri
2909 2161 3050 2209 non

677 2255 906 2338 potest
940 2244 1106 2337 quin
1143 2254 1261 2315 aut
1297 2243 1620 2329 haereat,
1660 2245 1779 2314 ubi
1817 2244 1983 2313 nihil
2032 2252 2180 2314 erat
2216 2242 2403 2335 quod
2443 2264 2601 2313 eum
2638 2255 3049 2328 moraretur,

671 2358 797 2419 aut
824 2371 964 2419 non
990 2347 1219 2418 videat
1247 2368 1331 2417 ea
1357 2368 1535 2440 quae
1564 2347 1623 2416 si
1654 2368 1814 2418 eum
1841 2369 1983 2418 non
2012 2348 2327 2429 laterent,
2358 2346 2642 2416 multam
2669 2347 3054 2416 obiicerent

673 2471 960 2526 moram.
1061 2451 1188 2520 Est
1240 2461 1471 2521 autem
1527 2450 1777 2521 horum
1827 2452 1944 2543 qui
1996 2449 2306 2520 difficilia
2357 2471 2496 2518 non
2547 2449 2790 2519 vident
2839 2451 3054 2521 multo

678 2555 900 2624 maior
945 2576 1275 2625 numerus
1324 2575 1529 2647 quam
1579 2554 1848 2624 illorum
1900 2553 2016 2646 qui
2069 2575 2146 2623 se
2197 2575 2289 2623 ex
2338 2552 2652 2624 facilibus
2718 2553 3057 2646 expedire

679 2668 1052 2751 nequeunt.
1129 2657 1307 2728 Nihil
1354 2658 1536 2728 enim
1591 2668 1731 2727 tam
1783 2668 2246 2751 opportunum
2298 2657 2646 2750 plerisque
2693 2667 2799 2728 est
2846 2680 3057 2750 quam

678 2763 1126 2854 acquiescere
1205 2762 1494 2834 aliorum
1570 2761 1880 2846 iudiciis,
1970 2761 2297 2854 quodque
2361 2761 2456 2830 illi
2519 2762 2901 2854 probarunt
2963 2763 3057 2832 ita

678 2889 804 2959 pro
877 2888 1039 2936 vero
1113 2866 1412 2949 habere,
1494 2875 1570 2936 ut
1632 2865 1864 2936 denuo
1937 2864 2419 2959 perpendendi
2494 2864 2731 2935 labore
2809 2888 3057 2959 super-

678 2969 908 3041 sederi
999 2970 1221 3040 liceat.
1353 2968 1427 3040 Id
1512 2978 1589 3038 ut
1669 2969 1740 3038 in
1807 2990 2039 3039 rerum
2122 2969 2555 3061 antiquarum
2644 2970 3057 3041 tractatione

674 3075 901 3158 omni,
965 3074 1062 3143 sic
1132 3074 1340 3144 etiam
1402 3073 1473 3141 in
1531 3072 1806 3142 Pindari
1869 3072 2289 3142 carminibus
2348 3073 2601 3142 factum
2668 3082 2802 3142 est:
2871 3095 3053 3164 quae

677 3179 731 3247 si
816 3177 1061 3247 dixero
1143 3178 1349 3247 etiam
1430 3186 1588 3269 post
1672 3177 1996 3246 eximiam
2076 3175 2404 3245 Boeckhii
2494 3197 2778 3268 operam
2856 3197 3057 3246 com-

674 3281 985 3373 pluribus
1047 3281 1217 3349 locis
1272 3301 1461 3375 nova·
1524 3302 1690 3351 cura
1752 3280 2098 3371 indigere,
2162 3301 2305 3350 non
2357 3300 2608 3348 vereor
2670 3300 2758 3348 ne
2821 3278 3052 3350 dicam

674 3381 868 3475 quod
929 3404 1069 3452 non
1132 3383 1281 3475 ipse
1343 3383 1735 3453 Boeckhius
1797 3381 2122 3453 libentius
2177 3405 2383 3475 quam
2440 3382 2558 3474 qui
2610 3405 2767 3453 eum
2831 3385 3057 3455 secuti

672 3495 838 3555 sunt
913 3485 1273 3556 concedat.
1400 3486 1571 3556 Huic
1645 3487 1830 3555 enim
1902 3487 2089 3570 vim,
2163 3486 2279 3578 qui
2353 3484 2722 3557 Pindarum
2796 3498 3059 3578 quanta

678 3610 884 3658 nemo
936 3589 1109 3659 alius
1160 3610 1327 3658 cura
1380 3589 1862 3681 pertractavit,
1917 3590 2222 3659 omnium
2267 3590 2568 3659 maxime
2606 3600 3056 3682 perspectum

672 3703 786 3762 est
822 3714 1027 3785 quam
1067 3692 1325 3762 multae
1364 3691 1434 3760 in
1471 3692 1577 3783 his
1616 3692 2034 3763 carminibus
2072 3714 2417 3785 quamque
2454 3714 2748 3786 magnae
2778 3692 3058 3765 dubita-

677 3797 900 3866 tiones
939 3806 1082 3869 tum
1114 3796 1456 3867 illustrare
1485 3796 1782 3866 obscura
1812 3806 1954 3865 tum
1986 3806 2308 3888 corrupta
2338 3796 2713 3866 emendare
2744 3798 3058 3891 cupienti

678 3900 1137 3970 suboriantur.
1242 3899 1422 3976 ,Nam
1472 3910 1749 3993 praeter
1801 3898 2120 3969 codicum
2173 3898 2423 3984 fidem,
2474 3921 2652 3992 quae
2700 3922 2917 3995 saepe
2968 3925 3056 3974 eo

674 4005 1067 4095 suspectior
1118 4013 1224 4074 est
1268 4002 1459 4095 quod
1496 4003 1706 4073 multa
1748 4012 1818 4071 et
1856 4002 1943 4072 ab
1981 4002 2279 4095 antiquis
2316 4014 2385 4073 et
2423 4004 2510 4074 ab
2546 4005 3056 4078 recentioribus

669 4108 1141 4197 grammaticis
1193 4118 1456 4177 temere
1507 4107 1964 4199 imperiteque
2014 4115 2276 4177 mutata
2329 4119 2525 4192 sunt,
2581 4107 2775 4178 haud
2811 4111 3056 4201 paucis

677 4209 747 4277 in
799 4209 967 4279 locis
1016 4208 1439 4281 divinatione
1484 4209 1786 4302 quadam
1838 4231 2013 4302 opus
2060 4218 2197 4294 est,
2254 4220 2326 4281 ut
2373 4222 2491 4281 aut
2541 4210 2708 4303 quid
2761 4224 2880 4283 aut
2929 4235 3055 4285 cur

670 4310 937 4405 aliquid
967 4312 1220 4384 dixerit
1247 4326 1452 4406 poeta
1478 4313 1927 4407 probabiliter
1953 4314 2359 4407 explicetur.
2401 4315 2580 4397 Quin
2609 4337 2699 4384 ne
2725 4338 3052 4389 versuum

665 4416 957 4521 quidem
1001 4416 1377 4512 ‚descriptio
1427 4427 1943 4510 metrorumque
1995 4417 2170 4488 ratio
2208 4417 2277 4485 in
2319 4418 2577 4510 aliquot
2631 4420 3051 4492 carminibus

845 4621 903 4700 ⁴⁸⁶)
939 4620 1121 4684 Edita
1153 4629 1245 4683 est
1274 4640 1329 4683 a.
1367 4622 1552 4682 4847.
