3328 5326
566 379 637 440 3⁴
654 379 689 439 0
1369 377 1836 440 CONIECTAN.
1877 379 2146 442 CRITIC.

566 569 1012 655 conderetur,
1046 591 1274 662 eoque
1311 592 1452 641 non
1488 570 1557 639 in
1596 571 1852 642 vicinia
1880 570 2332 654 Athenarum,
2362 590 2503 640 non
2533 570 2602 639 in
2633 570 2949 656 Thracia,

566 674 848 746 omnino
885 694 1026 745 non
1063 673 1136 742 in
1173 685 1380 758 terra,
1413 673 1541 745 sed
1570 674 1823 745 alicubi
1867 675 1939 744 in
1971 675 2185 768 plagis
2214 673 2538 745 aetheriis
2567 673 2722 744 sito.
2773 675 2952 745 Eum

566 800 734 871 ergo
783 778 1092 869 ignotum
1143 777 1368 848 locum
1407 777 1634 849 verbis
1685 779 1853 862 illis,
1912 779 1988 855 ὃς
2035 778 2229 873 ὅρνις
2263 778 2501 867 ἐγένετ’
2542 781 2614 845 ἐκ
2650 777 2794 847 τῶν
2834 779 2959 872 ὀρ-

563 884 769 968 νέων,
828 880 1181 973 designari
1232 902 1525 951 necesse
1582 892 1709 952 est.
1785 881 2015 974 Atque
2066 883 2159 951 ita
2204 901 2362 951 esse
2398 881 2785 972 intelligere
2823 902 2957 975 po-

564 994 791 1056 tuerat
835 983 1202 1077 DidymuS,
1260 985 1319 1055 si
1366 984 1466 1055 uti
1519 985 1841 1056 scivisset
1886 985 1969 1055 iis
2014 1006 2195 1077 quae
2243 986 2394 1078 ipse
2431 984 2523 1055 ad
2560 1009 2627 1054 v.
2664 987 2783 1055 13.
2827 985 2961 1056 ad-

564 1089 851 1158 notavit.
939 1088 1036 1157 Ibi
1090 1087 1534 1160 scholiastes:
1593 1087 1922 1180 Δίδυμος
1969 1090 2079 1178 δε’,
2123 1087 2318 1159 δεινὰ
2357 1084 2651 1179 φάσκειν
2689 1088 2964 1166 αὐτούς

563 1195 636 1261 ἐκ
672 1189 816 1260 τῶν
858 1191 1119 1285 ὀρνέων
1153 1193 1628 1280 πεπονθέναι,
1671 1192 1818 1263 ἐπεὶ
1850 1192 2122 1286 Ὀρνεαὶ
2159 1192 2288 1288 τῆς
2328 1191 2748 1287 Λακωνικῆς
2782 1191 2954 1263 εἰσί·

562 1291 705 1389 πρὸ
755 1293 828 1364 δὲ
873 1295 1052 1365 ἐτῶν
1102 1297 1163 1365 δ’
1211 1296 1436 1373 κακῶς
1487 1293 1648 1389 περὶ
1682 1294 2142 1366 Μαντίνειαν
2190 1289 2622 1391 ἀπήλλαξαν,
2685 1294 2780 1372 ὥς
2833 1297 2959 1366 καὶ

562 1396 736 1473 τοὺς
771 1398 1211 1493 στρατηγοὺς
1248 1401 1627 1490 ἀποβαλεῖν
1662 1393 1976 1495 Λάχητα
2016 1397 2135 1468 καὶ
2176 1392 2712 1493 Νικόστρατον,
2755 1399 2960 1469 καθὰ

341 1523 542 1592 ’μοι
561 1500 679 1572 καὶ
730 1499 1154 1597 Ἀνδροτίων
1223 1500 1467 1598 φησίν.
1580 1502 1779 1585 Quae
1832 1502 1922 1574 ad
1973 1501 2509 1595 Aristophanem
2574 1502 2958 1594 pertinent,

563 1613 797 1675 narrat
847 1603 1293 1697 Thucydides
1329 1602 1434 1675 VI.
1487 1607 1554 1677 7.
1599 1605 1708 1675 his
1762 1606 2017 1676 verbis:
2070 1601 2642 1696 Λακεδαιμόνιοι
2693 1604 2769 1675 δὲ
2819 1609 2962 1675 τοῦ

563 1707 789 1779 αὐτοῦ
843 1709 1187 1800 χειμῶνος
1231 1709 1349 1778 καὶ
1399 1714 1468 1779 οἱ
1518 1705 1879 1800 ξύμμαχοι
1914 1708 2092 1805 πλην
2129 1706 2557 1802 Κορινθίων
2608 1704 2963 1802 στρατεύ-

565 1836 813 1887 σαντες
863 1815 933 1889 ἑς
977 1811 1110 1906 τὴν
1143 1810 1462 1906 Ἀργείαν
1513 1814 1644 1909 τῆς
1690 1839 1769 1883 τε
1810 1813 1934 1909 γῆς
1985 1812 2236 1903 ἔτεμον
2278 1810 2541 1908 πολλην
2576 1838 2695 1881 και
2749 1817 2960 1883 σῖτον

562 1911 1082 2005 ἀνεκομίσαντό
1117 1941 1283 1986 τινα
1319 1912 1518 2013 ζεύγη
1558 1915 2021 2007 κομίσαντες,
2064 1915 2179 1985 καί
2218 1919 2288 1992 ἐς
2317 1914 2600 2009 Ὀρνεὰς
2634 1914 2959 1984 κατοικί-

563 2044 813 2100 σαντες
847 2016 1019 2096 τούς
1055 2017 1383 2114 Ἀργείων
1427 2016 1746 2112 φυγάδας
1780 2047 1898 2090 και
1930 2018 2064 2115 τῆς
2100 2019 2305 2114 ἄλλης
2344 2018 2688 2112 στρατιᾶς
2723 2043 2959 2114 παρα-

559 2118 1067 2200 καταλιπόντες
1118 2125 1363 2200 αὐτοΐς
1417 2123 1727 2214 ὀλίγους,
1785 2124 1903 2194 καὶ
1956 2119 2421 2212 σπεισάμενοί
2462 2147 2633 2192 τινα
2688 2118 2962 2216 χρόνον

562 2225 741 2296 ὥστε
774 2225 875 2323 μὴ
915 2228 1177 2296 ἀδικεῖν
1199 2221 1576 2321 Ὀρνεάτας
1611 2227 1732 2298 καὶ
1752 2225 2273 2321 Ἀργείους-τήν
2310 2222 2648 2321 ἀλλήλων,
2684 2223 2959 2314 ἀπεχώ-

559 2354 787 2424 ρησαν
850 2331 957 2420 τῷ
1013 2331 1298 2424 στρατῷ
1349 2333 1447 2400 ἐπ’
1507 2333 1733 2400 οἴκου.
1855 2326 2217 2402 ἐλθόντων
2269 2327 2342 2399 δὲ
2387 2326 2799 2423 Ἀθηναίων
2868 2335 2965 2400 οὐ

558 2435 788 2524 πολλῷ
827 2432 1126 2528 ὕστερον
1162 2435 1372 2503 ναυσὶ
1421 2430 1815 2528 τριάκοντα
1862 2433 1982 2503 καὶ
2029 2430 2419 2515 ἑξακοσίοις
2469 2431 2830 2521 ὁπλίταις,
2885 2442 2965 2505 οἱ

565 2539 856 2630 Ἀργεῖοι
891 2535 1074 2626 μετὰ
1106 2538 1253 2606 τῶν
1283 2535 1692 2632 Ἀθηναίων
1727 2537 2179 2630 πανστρατιᾷ
2227 2532 2632 2618 ἐξελθόντες
2667 2535 2842 2612 τους
2874 2540 2961 2607 ἐν

553 2642 865 2735 Ὀρνεαῖς
890 2638 1067 2730 μίαν
1092 2635 1885 2736 ἦμέρανὲπολιόρκουν·
1929 2639 2070 2711 ὑπὸ
2108 2639 2181 2711 δὲ
2215 2636 2439 2710 νύκτα
2476 2640 2963 2731 αὐλισαμένου

555 2744 693 2814 τοῦ
733 2740 1268 2839 στρατεύματος
1304 2743 1581 2815 ἄποθεν
1619 2740 2199 2838 ἐκδιδράσκουσιν
2239 2748 2308 2813 οἱ
2341 2746 2415 2812 ἐκ
2444 2743 2594 2814 τῶν
2618 2744 2951 2837 Ὀρνεῶν.

557 2847 675 2917 καὶ
709 2847 800 2942 τῇ
840 2845 1181 2941 ὑστεραίᾳ
1219 2853 1288 2917 οἱ
1312 2846 1629 2942 ’Ἀργεῖοι
1667 2849 1762 2925 ὠς
1795 2847 2157 2941 ᾔσθοντο,
2199 2843 2787 2938 κατασκάψαντες
2816 2847 2961 2925 τὰς

552 2951 836 3046 Ὀρνεὰς
873 2947 1300 3045 ἀνεχώρουν,
1342 2951 1461 3021 καὶ
1502 2957 1570 3022 οἱ
1596 2953 1977 3043 Ἀθηναῖοι
2031 2951 2328 3045 ὕστερον
2362 2956 2524 3027 ταῖς
2554 2950 2815 3020 ναυσὶν
2850 2953 2957 3021 ἐπ’

561 3056 784 3125 οἴκου.
865 3055 975 3125 Ex
1025 3054 1132 3125 his
1181 3064 1495 3149 apertum
1548 3065 1692 3140 est,
1752 3076 2009 3125 nomen
2056 3053 2319 3147 oppidi,
2374 3074 2466 3124 ex
2514 3074 2654 3146 quo
2703 3052 2798 3123 illi
2849 3054 2957 3125 sic

562 3167 839 3251 praeter
875 3159 1475 3251 exspectationem
1518 3168 1904 3242 evaserant,
1945 3157 2754 3276 opportunitatem'lusui
2794 3178 2963 3228 ver-

557 3262 808 3332 borum
859 3262 1302 3354 praebuisse,
1361 3270 1438 3334 ut
1486 3264 1606 3355 qui
1652 3285 1730 3333 se
1778 3284 1873 3332 ex
1907 3263 2063 3333 loco
2100 3261 2170 3330 in
2206 3281 2347 3354 quo
2383 3261 2962 3334 commorabatur

559 3364 791 3435 subito
848 3364 942 3434 ita
994 3366 1479 3458 proripuisset,
1530 3377 1608 3438 ut
1641 3387 1784 3459 quo
1821 3366 2251 3458 confugisset
2284 3365 2713 3449 nesciretur,
2759 3364 2964 3460 ὄρνις

559 3471 632 3537 ἐκ
667 3453 813 3537 τῶν
845 3468 1143 3562 Ὀρνεων
1179 3468 1531 3539 diceretur
1567 3469 1899 3539 evasisse.
1969 3469 2145 3539 Hinc
2181 3477 2372 3562 patet
2408 3467 2963 3584 Aristophanem

560 3570 924 3664 scripsisse
966 3570 1043 3648 ὃς
1081 3569 1276 3665 ὄρνις
1311 3572 1550 3661 ἐγένετ’
1592 3576 1666 3642 ἐκ
1699 3572 1848 3642 τῶν
1879 3574 2205 3666 Ὀρνεῶν,
2247 3572 2316 3641 h.
2349 3592 2411 3642 e
2443 3571 2563 3664 qui
2598 3593 2741 3664 quo
2781 3592 2962 3643 avo-

559 3675 719 3745 larit
766 3675 1140 3745 nescimus,
1217 3674 1544 3745 Similiter
1593 3696 1723 3745 nos
1771 3674 2063 3748 dicimus
2110 3696 2279 3746 aves
2326 3675 2682 3761 evolasse,
2738 3698 2963 3768 quum

559 3799 720 3850 sero
757 3778 1133 3871 quaeritur,
1172 3777 1363 3871 quod
1399 3778 1634 3870 paullo
1673 3788 1834 3849 ante
1872 3779 2166 3849 inveniri
2203 3787 2547 3873 potuerat.

769 3985 1057 4078 Legenti
1094 3984 1621 4055 emendationes
1659 4006 1787 4077 per
1822 3995 2125 4056 saturam
2168 3986 2217 4053 1.
2259 3984 2339 4055 N.
2382 3983 2730 4076 Madvigii,
2772 4007 2960 4078 quae

563 4086 632 4156 in
678 4087 901 4180 primo
951 4089 1308 4160 volumine
1346 4088 1681 4181 Philologi
1718 4109 1780 4159 a.
1814 4112 1881 4182 p.
1918 4089 2093 4160 670.
2132 4087 2363 4160 editae
2400 4096 2582 4172 sunt,
2624 4098 2701 4158 ut
2739 4109 2960 4181 quae-

559 4190 724 4260 dam
759 4211 901 4260 non
936 4202 1227 4284 possunt
1262 4213 1406 4262 non
1445 4192 1675 4262 statim
1709 4192 2110 4263 verissimae
2149 4200 2359 4284 atque
2394 4191 2960 4283 elegantissimae

557 4293 799 4377 videri,
839 4295 935 4365 ita
972 4295 1148 4366 aliae
1170 4350 1187 4379 ,
1226 4305 1302 4367 ut
1338 4294 1414 4366 fit
1449 4295 1519 4365 in
1556 4295 1693 4365 hoc
1729 4315 2013 4389 genere,
2055 4294 2313 4387 aliquid
2351 4294 2805 4366 dubitationis
2841 4315 2961 4365 re—

560 4399 897 4491 linquunt.
973 4398 1077 4469 De
1113 4398 1221 4468 his
1257 4399 1509 4484 dicam,
1547 4399 1717 4491 quid
1753 4399 1923 4469 mihi
1960 4399 2025 4468 in
2065 4408 2371 4469 mentem
2408 4399 2703 4468 venerit.

769 4501 837 4571 P.
874 4502 1046 4574 672.
1079 4523 1218 4572 non
1259 4513 1369 4574 est
1402 4503 1780 4573 verisimile
1816 4512 1891 4574 ut
1929 4502 2018 4587 ei,
2055 4502 2172 4595 qui
2210 4501 2281 4571 in
2324 4502 2677 4594 Euripidis
2707 4501 2953 4595 Aegeo

561 4607 641 4675 fr.
696 4607 807 4676 XI.
873 4602 1103 4699 [Dind.
1169 4608 1249 4675 fr.
1320 4607 1417 4679 27
1428 4605 1500 4701 3]
1572 4607 1932 4678 volucrem
2002 4626 2200 4699 spem
2274 4605 2603 4699 persequi
2675 4604 2952 4688 dicitur,
