3328 5326
1468 1430 2317 1543 PINDARUS.

1740 1727 2048 1736 -—

946 1911 1331 1996 PINDARI
1381 1910 1891 1995 NEMEORUM
1942 1911 2314 1994 OARMEN
2368 1910 2756 1995 SEXTUM.
2777 1915 2843 2011 ²³³)

586 2136 689 2198 με
920 2108 1235 2178 Carmina
1287 2107 1563 2178 Pindari
1612 2106 1877 2177 Nemea
1926 2116 2131 2198 atque
2181 2106 2491 2191 Isthmia,
2544 2127 2724 2197 quae
2772 2127 3006 2198 neque
3044 2129 3088 2177 a

712 2212 1070 2284 codicibus
1097 2233 1328 2302 neque
1363 2230 1404 2280 a
1441 2210 1720 2281 scholiis
1747 2220 2014 2280 tantum
2042 2221 2372 2301 quantum
2399 2209 2715 2302 Olympia
2742 2219 2812 2279 et
2840 2209 3090 2302 Pythia

710 2315 1039 2410 praesidii
1077 2315 1360 2398 habent,
1400 2313 1585 2384 haud
1624 2314 1859 2406 paullo
1897 2313 2028 2382 illis
2066 2314 2493 2407 corruptiora
2531 2323 2710 2384 sunt.
2786 2311 3092 2385 Accedit

712 2419 903 2511 quod
940 2417 1285 2509 quaedam
1323 2437 1364 2485 a
1399 2417 1864 2508 grammaticis
1900 2417 2102 2485 metri
2137 2419 2439 2487 maxime
2476 2437 2722 2487 caussa
2755 2416 3091 2489 videntur

712 2531 973 2592 mutata
1023 2540 1210 2590 esse:
1266 2540 1405 2611 quo
1449 2519 1824 2611 proclivior
1873 2519 2079 2589 etiam
2130 2520 2630 2591 recentioribus
2676 2520 2931 2591 criticis
2969 2523 3089 2593 via

713 2623 805 2696 ad
842 2644 1152 2695 errorem
1181 2630 1309 2708 est,
1338 2622 1493 2715 plus
1521 2623 1651 2694 sibi
1681 2622 1998 2694 licentiae
2025 2624 2402 2718 sumpsisse
2432 2624 2800 2697 Pindarum
2830 2635 3090 2718 putan-

713 2729 933 2813 tibus,
981 2749 1189 2819 quam
1236 2748 1365 2820 per
1408 2728 1849 2798 severitatem
1896 2728 2152 2820 lyricae
2188 2729 2419 2821 poesis
2456 2749 2869 2800 concessum
2908 2741 3085 2800 erat.

713 2834 928 2902 Tanta
986 2832 1170 2901 enim
1230 2831 1584 2923 diligentia
1642 2832 1962 2925 perpoliti
2018 2841 2179 2902 sunt
2234 2833 2503 2902 numeri
2564 2832 2943 2918 Pindarici,
3017 2844 3091 2905 ut

712 2935 1287 3007 commutationes
1323 2935 1618 3007 duarum
1657 2936 1971 3007 brevium
2019 2936 2435 3027 syllabarum
2485 2956 2644 3007 cum
2691 2956 2830 3006 una
2877 2937 3091 3030 longa

712 3041 859 3110 fere
914 3040 984 3108 in
1032 3040 1183 3109 sola
1234 3040 1512 3110 nomina
1572 3039 1849 3132 propria
1905 3039 2192 3124 cadant,
2243 3039 2773 3131 rarissimaeque
2825 3040 2966 3109 sint
3017 3041 3089 3110 in

711 3144 860 3215 aliis
910 3142 1305 3227 vocabuliS,
1361 3143 1573 3215 veluti
1622 3144 1693 3213 in
1740 3143 1981 3236 quinto
2020 3143 2323 3212 carmine
2359 3143 2620 3235 Pythio.
2696 3143 2800 3213 Ea
2837 3143 3092 3214 obser-

712 3248 990 3317 vatione
1045 3246 1437 3317 admonitus
1472 3269 1687 3338 quum
1733 3246 1905 3315 mihi
1951 3245 2195 3316 videar
2229 3266 2475 3317 versus
2512 3245 2856 3338 quosdam
2902 3249 3092 3334 sexti

711 3350 1127 3420 Nemeorum
1180 3349 1502 3419 carminis
1552 3349 1806 3421 rectius
1843 3369 2049 3441 quam
2098 3348 2326 3420 adhuc
2365 3351 2622 3420 factum
2670 3360 2779 3421 est
2825 3352 3093 3422 consti-

713 3460 910 3523 tuere
980 3473 1225 3545 posse,
1290 3461 1507 3523 totum
1572 3473 1851 3522 carmen
1919 3452 2055 3537 sic,
2129 3452 2226 3523 uti
2280 3453 2726 3524 scribendum
2777 3454 3088 3541 videtur,

712 3576 1003 3649 ponam,
1046 3555 1383 3650 ‘quoniam
1421 3564 1491 3624 et
1525 3556 1744 3626 verba
1790 3554 2134 3648 quaedam
2170 3556 2619 3642 exciderunt,
2666 3578 2797 3627 nec
2836 3580 3091 3630 versus

712 3659 969 3752 ubique
997 3667 1186 3728 recte
1216 3658 1519 3728 distincti
1545 3667 1728 3744 sunt,
1760 3669 1832 3729 et
1856 3659 2270 3751 quibusdam
2306 3659 2376 3728 in
2414 3660 2582 3730 locis
2612 3682 2702 3730 ne
2731 3663 3087 3733 sententia

712 3763 994 3856 quidem
1040 3761 1207 3832 vitio
1256 3782 1480 3832 vacua
1530 3771 1658 3832 est.
1742 3763 2084 3856 Scriptum
2122 3773 2227 3833 est
2264 3763 2430 3835 illud
2467 3785 2748 3834 carmen
2786 3764 2856 3832 in
2894 3765 3088 3835 Alci-

710 3866 969 3938 midam
1004 3864 1451 3958 Aeginetam,
1503 3867 1624 3956 qui
1671 3888 1843 3959 puer
1893 3866 2077 3936 lucta
2124 3866 2193 3934 in
2243 3866 2419 3937 ludis
2463 3866 2742 3937 Nemeis
2794 3869 3090 3939 vicerat.

710 3967 880 4040 Erat
913 3971 971 4039 is
1007 3989 1100 4039 ex
1134 3975 1342 4060 gente
1372 3968 1842 4054 Bassidarum,
1875 3968 2105 4040 multis
2143 3970 2328 4039 clara
2356 3970 2681 4040 victoriis.
2742 3971 3092 4043 Memorat

712 4071 1048 4142 Pindarus
1099 4071 1580 4163 Hagesimachi
1626 4081 1949 4164 quattuor
1996 4070 2204 4157 filios,
2253 4093 2548 4165 quorum
2597 4082 2738 4144 tres
2775 4076 3089 4146 minores

714 4175 785 4245 in
821 4174 1036 4246 sacris
1074 4174 1565 4247 certaminibus
1599 4176 1922 4261 vicerint3
1975 4176 2256 4245 maximi
2304 4185 2505 4261 natu,
2561 4176 2915 4264 Soclidae,
2966 4180 3091 4272 qui

710 4300 851 4349 non
890 4277 1163 4348 videtur
1200 4288 1525 4364 cert-asse,
1565 4277 1746 4350 filius
1784 4280 1909 4350 fuit
1940 4278 2413 4365 PraxidamaS,
2452 4280 2712 4374 primus
2750 4302 2845 4352 ex
2871 4281 3093 4376 Aegi-

710 4382 890 4453 netis
926 4380 1284 4476 Olympiae
1319 4383 1564 4467 victor,
1603 4382 1928 4474 idemque
1973 4383 2340 4475 quinquies
2378 4384 2447 4451 in
2483 4382 2815 4470 IsthmiiS,
2867 4395 2976 4458 ter
3013 4387 3089 4455 in

879 4600 934 4686 ⁴⁸⁵)
972 4601 1155 4665 Edita
1185 4611 1279 4665 est
1306 4621 1364 4665 a.
1406 4603 1593 4663 4844.
