3328 5326
652 374 776 433 360
1672 370 2008 433 HYMNUS'.

783 782 899 864 DE
951 780 1174 864 LOCO
1221 780 1839 864 OALLIMAOHEI
1891 779 2207 864 HYMNI
2260 781 2360 863 IN
2415 780 2729 865 DELUM
2781 777 2896 864 ET

1145 901 1681 986 QUIBUSDAM
1733 900 2528 1000 EPIGRAMMATISJ)

530 1129 632 1191 P·³
862 1114 1045 1184 Artis
1098 1114 1379 1185 criticae
1436 1136 1594 1208 pars
1647 1135 1766 1197 ea,
1822 1136 2003 1207 quae
2056 1113 2126 1182 in
2180 1114 2668 1184 emendatione
2721 1123 3049 1183 veterum

655 1218 1068 1313 scriptorum
1103 1228 1459 1301 versatur,
1517 1239 1703 1288 nuuc
1756 1218 2172 1288 evidentiam
2230 1217 2470 1301 habet,
2526 1237 2712 1288 nunc
2766 1218 2837 1286 in
2892 1218 3052 1288 sola

654 1322 1138 1415 probabilitate
1193 1321 1527 1393 consistit.
1615 1320 1693 1391 Id
1728 1321 1798 1390 in
1838 1343 1922 1392 ea
1962 1322 2262 1390 maxime
2302 1321 2524 1405 cadit,
2565 1343 2747 1414 quae
2784 1322 2879 1390 ita
2919 1321 3050 1390 de-

655 1435 944 1518 pravata
995 1435 1191 1509 suut,
1248 1435 1324 1496 ut
1372 1447 1513 1495 nou
1567 1424 1938 1496 videantur
1986 1425 2251 1496 restitui
2303 1446 2532 1518 posse.
2610 1425 2768 1509 Quo
2817 1424 3045 1516 magis

654 1529 1018 1624 disciplina
1047 1529 1351 1621 quadam
1379 1529 1446 1598 in
1477 1528 1581 1598 his
1611 1550 1789 1621 opus
1819 1538 1926 1599 est
1953 1529 2218 1612 critice,
2257 1550 2347 1598 ne
2386 1538 2504 1600 aut
2540 1550 2677 1600 non
2716 1528 3048 1620 corrigat,

653 1633 844 1725 quod
882 1634 1317 1704 correctione
1355 1632 1641 1726 indiget,
1682 1641 1801 1703 aut
1840 1634 2047 1703 etiam
2082 1654 2265 1725 quae
2303 1654 2471 1702 sana
2510 1643 2668 1703 sunt
2704 1631 3048 1703 mutando

653 1746 1071 1830 corrumpat.
1167 1737 1391 1807 Debet
1460 1745 1694 1808 autem
1754 1737 2050 1829 primum
2114 1736 2248 1807 hoc
2301 1757 2495 1821 esse,
2552 1746 2626 1808 ut
2677 1735 3054 1827 indagetur

652 1840 823 1933 quid
874 1842 961 1910 sit
1013 1850 1437 1933 corruptum.
1525 1839 1769 1910 Aliter
1821 1841 2005 1910 enim
2051 1839 2440 1910 verendum
2493 1849 2601 1909 est
2651 1861 2741 1909 ne
2796 1838 3053 1910 vitiosa

655 1945 1157 2036 relinquantur,
1200 1945 1469 2036 integra
1508 1955 1741 2015 autem
1779 1945 2128 2015 vitientur.
2195 1943 2465 2014 Deinde
2505 1944 2920 2027 curandum,
2960 1966 3052 2013 ue

656 2048 917 2140 aliquid
955 2057 1218 2118 tantum
1261 2048 1662 2140 corrigatur.
1756 2048 1830 2115 In
1877 2070 2016 2141 quo
2070 2048 2262 2118 multi
2313 2057 2647 2140 peccant,
2700 2047 2871 2118 satis
2925 2047 3052 2116 ha-

655 2153 940 2236 benteS,
981 2153 1039 2223 si
1077 2152 1209 2221 sibi
1249 2161 1515 2246 partem
1552 2151 1699 2222 vitii
1739 2152 2100 2222 sustulisse
2137 2150 2521 2222 videantur.
2603 2151 2776 2221 Nam
2833 2170 3044 2243 saepe

655 2255 945 2340 accidit,
985 2265 1061 2327 ut
1097 2256 1285 2348 quod
1324 2277 1450 2349 per
1486 2277 1561 2325 se
1601 2264 1866 2326 rectum
1908 2266 1976 2324 et
2014 2256 2276 2326 bonum
2316 2266 2458 2338 est,
2500 2256 2555 2324 si
2595 2277 2752 2325 cum
2794 2254 3049 2324 ceteris

549 2358 554 2363 ’
656 2370 1152 2453 componatur,
1207 2359 1458 2431 falsum
1509 2370 1629 2429 aut
1681 2359 1989 2453 ineptum
2041 2380 2198 2429 esse
2254 2358 2691 2451 intelligatur.
2779 2358 3048 2428 Eadem

658 2484 908 2533 caussa
935 2484 1166 2555 neque
1197 2463 1712 2533 inconsiderate
1743 2461 2206 2556 probandum,
2237 2463 2291 2532 si
2331 2460 2497 2554 quid
2536 2462 2625 2532 ab
2654 2462 2814 2546 alio,
2846 2484 3051 2555 prae-

660 2566 899 2635 sertim
939 2568 1127 2636 claro
1166 2567 1351 2650 viro,
1393 2567 1738 2658 prolatum
1778 2577 1906 2649 est,
1946 2588 2078 2636 nec
2118 2576 2381 2636 temere
2419 2564 2955 2659 repudiandum,
2995 2566 3052 2635 si

659 2670 826 2761 quid
877 2671 1085 2740 etiam
1138 2671 1226 2740 ab
1275 2670 1555 2762 ignobili
1611 2680 1732 2741 aut
1782 2670 2099 2764 imperito
2155 2670 2434 2741 homine
2482 2669 3048 2746 commendatum

657 2795 800 2844 non
854 2774 1084 2845 statim
1138 2774 1616 2844 assensionem
1654 2784 2090 2866 extorqueat.
2178 2774 2390 2845 Porro
2440 2773 2892 2866 cogitandum
2944 2784 3050 2844 est

659 2876 1092 2971 diligentiam
1143 2876 1516 2971 aliquando
1568 2878 2061 2971 negligentiam
2116 2900 2293 2948 esse.
2373 2878 2549 2948 Nam
2598 2878 2809 2948 etiam
2862 2876 3048 2948 modi

657 2982 1045 3074 neglectio,
1109 3002 1317 3075 quem
1384 2981 1742 3074 diligentia
1805 2981 2065 3052 babere
2128 2981 2376 3065 debet,
2432 2981 2856 3074 negligentia
2918 2990 3043 3050 est.

657 3086 974 3179 Denique
1030 3087 1338 3156 omnium
1392 3087 1771 3179 pessimum
1824 3097 1930 3155 est
1982 3096 2245 3156 temere
2300 3085 2655 3170 hariolari,
2715 3084 3045 3155 emenda-

659 3191 1059 3282 tionemque
1098 3211 1256 3260 esse
1293 3200 1564 3282 putare,
1604 3191 1662 3261 si
1701 3188 2038 3282 quidquid
2069 3190 2299 3259 statim
2336 3191 2405 3258 in
2446 3198 2751 3259 mentem
2780 3189 3046 3261 venerit

659 3294 1001 3388 posueris.
1060 3293 1236 3365 Volo
1265 3293 1440 3363 haec
1470 3293 1722 3387 insigni
1751 3294 2077 3386 exemplo
2115 3293 2511 3377 ostendere,
2541 3313 2683 3362 non
2720 3315 2861 3385 quo
2900 3314 3046 3362 cre-

661 3398 824 3467 dam
879 3396 1237 3466 emendari
1293 3418 1536 3490 posse,
1591 3419 1774 3490 quae
1822 3398 1971 3490 ipse
2020 3396 2356 3466 confitear
2391 3418 2532 3467 non
2570 3418 2780 3490 posse
2828 3397 2896 3466 in
2949 3397 3044 3464 in-

661 3511 933 3593 tegrum
979 3500 1281 3583 restitui,
1336 3499 1463 3570 sed
1516 3512 1591 3573 ut
1633 3512 2017 3572 monstrem
2070 3521 2208 3592 qua
2262 3501 2583 3572 cautione
2621 3522 2798 3593 opus
2839 3501 2956 3584 sit,
2992 3499 3039 3569 si

660 3605 815 3697 quis
853 3604 976 3673 vix
1012 3603 1345 3673 sanabilia
1386 3613 1653 3675 tentare
1694 3605 2021 3681 instituat.

868 3707 995 3777 Est
1048 3708 1244 3778 locus
1302 3707 1701 3779 Callimachi
1757 3710 1826 3778 in
1880 3707 2139 3801 hymno
2191 3707 2340 3776 Deli
2397 3707 2929 3791 vexatissimuS,
2979 3706 3039 3774 in

661 3834 802 3904 quo
857 3832 1081 3904 nuper
1133 3810 1533 3904 Alphonsus
1588 3813 1945 3882 Heckerus
1997 3822 2067 3882 et
2121 3812 2317 3882 cuius
2371 3809 2461 3880 ad
2513 3811 2698 3882 hunc
2760 3810 3039 3903 epistola

663 3914 924 3986 inserta
970 3923 1079 3985 est
1119 3915 1636 3986 Schneidewini
1674 3915 2032 4007 Philologo
2070 3917 2236 3985 fasc.
2270 3914 2344 3984 II.
2379 3914 2540 3985 Otto
2580 3913 3038 3985 Schneiderus

666 4039 950 4109 operam
1019 4030 1434 4112 posuerunt,
1493 4019 1701 4089 ambo
1758 4018 2036 4110 quidem
2096 4019 2303 4089 docte
2359 4017 2451 4087 illi
2511 4028 2856 4111 acuteque
2910 4017 3039 4088 dis-

664 4130 1021 4213 putantes,
1075 4122 1204 4193 sed
1261 4134 1489 4193 tamen
1539 4132 1651 4206 ut,
1711 4144 1920 4215 quum
1966 4143 2242 4192 omnem
2296 4122 2474 4192 illius
2523 4121 2656 4192 loci
2717 4122 3036 4192 rationem

664 4246 806 4293 non
844 4224 1213 4296 videantur
1250 4226 1721 4320 perspexisse,
1761 4247 1902 4295 non
1940 4225 2550 4297 animadverterint
2586 4227 2842 4309 omnia,
2872 4241 3034 4316 quae

665 4329 738 4398 in
774 4349 861 4399 eo
898 4350 1039 4398 non
1079 4341 1269 4400 recte
1306 4331 1564 4422 scripta
1601 4350 1760 4399 esse
1813 4332 2203 4401 accuratior
2259 4329 2725 4400 consideratio
2774 4329 3029 4399 doceat.

665 4432 1002 4504 Mirabilia
1054 4442 1342 4526 captans
1398 4432 1889 4517 CallimachuS‚
1943 4434 2061 4526 qui
2120 4433 2511 4505 eruditione
2571 4433 2790 4525 magis
2844 4449 3029 4523 quam

838 4637 897 4717 ³⁸⁵)
932 4637 1115 4700 Edita
1147 4645 1241 4698 est
1270 4657 1326 4699 a.
1363 4638 1551 4699 ⁴846.
