3328 5326
1311 323 1722 386 HESIODUS.
2615 322 2695 382 55

325 515 475 586 209
531 513 715 608 χειρὶ
748 513 1196 592 τιταίνοντας
1230 514 1367 610 γὰρ
1400 513 1798 608 ἀτασθαλίῃ
1833 516 2012 605 μέγα
2046 514 2238 610 ῥέξαι
2349 592 2359 605 ⁰

535 617 767 712 ἔργον,
810 622 968 686 τοῖο
1007 617 1084 686 δ’·
1110 615 1349 688 ἔπειτα
1382 616 1570 688 τίσιν
1605 614 2039 707 μετόπισθεν
2076 616 2384 687 ἔσεσθαι.

322 720 503 790 Nam
536 719 731 812 quod
779 741 845 788 V.
883 719 1052 790 178.
1084 720 1391 814 ὠρέξατο
1427 719 1607 815 χειρὶ
1658 719 1920 790 dictum
1962 729 2146 806 erat,
2186 718 2257 789 id
2294 718 2408 789 hic
2444 719 2707 792 dictum

322 833 436 895 est
469 823 654 918 χειρὶ
687 820 1162 898 τιταίνοντας.

366 987 376 994 .
538 927 737 1011 Quae
791 935 935 997 tum
970 925 1042 994 in
1078 925 1331 996 nostris
1385 924 1575 995 libris
1611 935 2033 1018 sequuntur,
2072 947 2283 1020 supra
2317 926 2555 1019 posui,
2595 925 2711 998 ubi
2729 945 2853 1005 pst

326 1029 573 1102 Noctis
640 1030 876 1123 proles
937 1030 1469 1099 memorabatur.
1581 1029 1820 1121 Itaque
1873 1030 2011 1100 iam
2066 1029 2376 1122 sequitur
2427 1028 2712 1123 stropha

322 1134 566 1203 XXVI.
611 1154 719 1202 ex.
756 1153 896 1223 qua
945 1132 1036 1202 de
1082 1141 1352 1226 septem
1391 1132 1707 1204 versibus
1758 1133 2080 1204 eiiciendi
2126 1142 2287 1203 sunt
2322 1132 2497 1218 due,
2536 1155 2712 1224 quos

324 1237 787 1330 interpolator
848 1257 942 1305 ex
992 1236 1273 1307 Homeri
1334 1235 1425 1306 de
1489 1235 1744 1307 Proteo
1803 1237 2202 1307 narratione
2267 1234 2359 1306 ad
2411 1236 2713 1306 Nereum

327 1340 700 1411 transtulit.
778 1338 1159 1409 Constabat
1202 1339 1381 1410 haec
1431 1340 1719 1432 stropha
1770 1339 1878 1409 his
1914 1340 2267 1411 versibus:
2321 1340 2492 1411 233.
2536 1338 2708 1412 234.

330 1445 779 1518 237--239ε
837 1464 1135 1534 quorum
1180 1443 1250 1512 in
1300 1442 1614 1515 secundo
1668 1443 2001 1537 scriptum
2049 1442 2262 1515 fuisse
2315 1443 2532 1513 credo
2587 1442 2716 1513 τὸν

332 1546 420 1643 δὴ
474 1548 795 1618 καλέουσι
853 1548 1175 1640 γέροντα.
1278 1544 1511 1638 Atque
1558 1547 1642 1615 ὃν
1693 1545 1775 1642 δὴ
1829 1546 1964 1616 iam
2016 1545 2452 1617 Wernickius
2506 1546 2715 1616 scribi

325 1650 573 1721 voluit.
675 1648 946 1721 Deinde
997 1670 1129 1718 sex
1178 1649 1393 1720 iustas
1452 1642 1775 1743 strophas
1839 1650 2179 1723 habemus
2230 1649 2388 1719 has:
2444 1649 2710 1720 XXVII.

329 1752 769 1828 240—244.
825 1753 1119 1822 XXVIII.
1189 1751 1618 1826 245-249,
1688 1753 1930 1823 ΧΧΙΧ.
2000 1752 2428 1826 250-254.
2496 1753 2709 1822 ΧΧΧ.

330 1858 767 1931 255-259.
825 1856 1064 1925 XXXI.
1125 1855 1554 1929 260-264,
1615 1857 1884 1926 XXXII.
1940 1858 2368 1929 265-269,
2483 1858 2559 1925 In
2608 1855 2715 1926 his

330 1960 527 2052 quod
560 1983 629 2030 v..
664 1961 837 2032 250.
880 1959 1359 2051 GoettlingiuS,
1399 1981 1614 2052 quum
1650 1981 1785 2052 ego
1823 1958 2195 2030 Πανόπεια
2233 1959 2715 2052 reponendum

330 2064 696 2147 dixissem,
729 2060 1034 2157 Πανόπη
1072 2061 1191 2132 καὶ
1225 2061 1490 2157 εὐειδὴς
1516 2061 1874 2134 Γαλάτεια
1909 2061 2244 2147 defendit,
2285 2083 2426 2132 non
2464 2063 2710 2132 vincet.

329 2167 506 2237 Nam
543 2166 677 2238 etsi
714 2166 807 2236 de
844 2165 1182 2258 exemplis
1218 2166 1602 2258 productae
1637 2165 1710 2234 in
1752 2165 1867 2235 tali
1902 2165 2130 2258 positu
2169 2165 2494 2257 copulae,
2534 2186 2714 2257 quae

328 2270 521 2341 Iliad.
556 2271 792 2340 XXIII.
823 2267 990 2339 694.
1025 2278 1097 2338 et
1133 2269 1318 2362 apud
1349 2269 1680 2353 Quintum
1707 2269 1814 2337 IV.
1845 2271 2012 2339 150.
2045 2267 2179 2337 VII.
2215 2267 2386 2341 275.
2422 2279 2493 2338 et
2529 2267 2716 2361 apud

330 2375 661 2445 Nonnum
722 2372 1022 2442 XXXIV.
1096 2375 1213 2443 15.
1281 2373 1569 2443 inveniri
1645 2373 1773 2456 ait,
1840 2370 2190 2454 iudicare,
2257 2372 2583 2462 quoniam
2646 2371 2716 2439 in

328 2478 643 2549 numeris
679 2486 984 2547 erratum
1023 2485 1152 2559 est,
1190 2498 1333 2546 non
1368 2497 1679 2569 possum,
1719 2476 1788 2546 iu
1827 2476 2078 2545 ceteris
2116 2474 2500 2545 Homericis
2535 2495 2715 2566 quae

333 2581 536 2652 affert
563 2581 915 2674 digamma
946 2579 1478 2673 producti0nem
1515 2580 1758 2665 munit,
1797 2600 1978 2671 quae
2017 2588 2248 2649 autem
2286 2578 2472 2672 apud
2501 2579 2721 2662 Quin-

333 2697 480 2757 tum
532 2696 731 2769 sunt,
785 2683 1272 2756 emendatione
1319 2684 1651 2777 indigent.
1729 2684 1998 2754 Eadem
2046 2683 2215 2752 mihi
2264 2705 2423 2755 cum
2478 2682 2720 2753 Goett*

332 2790 548 2882 lingio
586 2787 934 2860 dissensio
976 2797 1087 2857 est
1121 2788 1212 2859 de
1251 2788 1696 2880 Theogoniae
1730 2811 1790 2856 v.
1827 2785 1998 2857 148.
2074 2787 2271 2870 Quae
2317 2786 2575 2857 deinde
2626 2786 2722 2857 de

334 2893 587 2966 Phorci
636 2913 896 2985 genere
947 2892 1346 2975 traduntur,
1404 2914 1676 2962 rursum
1728 2891 1976 2959 alienis
2021 2897 2183 2960 sunt
2228 2889 2724 2960 additamentis

332 2997 641 3068 turbata.
701 2994 905 3079 Quod
942 2995 999 3064 si
1037 3005 1476 3065 removentur
1509 3016 1750 3064 versus
1789 2994 1876 3063 ab
1916 2994 2520 3086 interpolatoribus
2557 3013 2719 3085 pro—

332 3101 536 3184 fecti,
598 3108 965 3170 remanent
1026 3097 1211 3169 duae
1272 3097 1726 3168 nitidissimae
1781 3096 2142 3190 strophae,
2197 3098 2497 3167 XXXIII.
2538 3096 2713 3170 270.

337 3202 510 3276 271.
556 3203 732 3276 273.
775 3201 947 3276 274.
991 3200 1162 3274 276.
1204 3201 1503 3271 XXXIV.
1547 3201 1978 3273 280-285,
2022 3200 2121 3269 sic
2159 3201 2445 3294 scripta:

339 3308 488 3379 280
651 3307 778 3403 τῆς
814 3307 877 3375 δ’
921 3304 1039 3375 ὅτε
1075 3303 1155 3431 δη
1197 3303 1513 3400 Περσευς
1548 3301 1852 3399 κεφαλὴν
1887 3302 2549 3400 ἀπεδειροτόμησεν,

545 3409 793 3504 ἔκθορε
830 3404 1196 3503 Χρυσαώρ
1233 3436 1311 3478 τε
1345 3409 1560 3497 μέγας
1596 3434 1713 3477 και
1750 3403 2088 3502 Πήγασος
2128 3413 2361 3484 ἵππος.

540 3513 644 3603 τῷ·
681 3510 813 3603 μὲν
848 3508 1220 3601 ε’πωνυμον
1254 3506 1369 3606 ἦν,
1415 3509 1513 3581 ὅτ’
1557 3509 1659 3605 ἄρ’
1704 3509 2012 3580 ὠκεανοῦ
2050 3507 2243 3604 παρὰ
2279 3508 2502 3605 πηγὰς

542 3616 757 3705 γε”,νθ
799 3615 838 3685 ὃ
878 3615 938 3683 δ’
981 3612 1112 3737 ἄορ
1148 3611 1476 3709 χρύσειον
1512 3613 1686 3702 ε’χων
1720 3612 1908 3703 μετά
1939 3612 2133 3707 χερσὶ
2171 3611 2452 3706 φίλῃσιν

339 3719 488 3790 286
547 3720 717 3788 ἵκεθ’
757 3721 826 3795 ἐς
862 3714 1301 3806 ἀθανάτους,
1345 3715 1578 3812 Ζηνὸς
1615 3718 1679 3786 δ’
1720 3720 1795 3787 ἐν
1832 3713 2109 3807 δώμασι
2144 3714 2352 3785 ναίει.

339 3821 468 3893 Pro
506 3822 728 3892 tribus
767 3820 1131 3914 postremis
1168 3820 1480 3891 versibus
1519 3820 1648 3890 alia
1688 3818 2004 3891 recensio
2043 3818 2173 3889 hos
2210 3817 2546 3889 habebat:

338 3926 487 3999 282
546 3926 625 4002 ὃς
660 3924 792 4015 μὲν
830 3921 1355 4014 ἀποπτάμενος,
1397 3921 1757 4019 προλιπών
1791 3919 2027 4013 χθόνα
2059 3922 2336 4016 μητέρα
2370 3919 2641 4018 μήλων,

336 4028 485 4101 284
546 4028 702 4098 ἵκετ’
743 4031 813 4104 ἐς
849 4021 1291 4114 ἀθανάτους,
1335 4024 1568 4121 Ζηνὸς
1604 4028 1667 4096 δ’
1708 4030 1783 4095 ἐν
1820 4023 2098 4117 δώμασι
2131 4022 2342 4112 ναίει,

538 4128 850 4224 βροντήν
885 4156 960 4200 τε
1002 4125 1349 4224 στεροπήν
1385 4156 1463 4199 τε
1501 4131 1736 4224 φέρων
1771 4129 1912 4199 Διῒ
1936 4124 2332 4223 μητιόεντι.

335 4236 662 4327 Sequitur
714 4233 1000 4325 stropha
1040 4231 1310 4301 XXXV.
1355 4241 1560 4304 aucta
1612 4233 1832 4303 tribus
1881 4231 2120 4301 alienis
2157 4230 2503 4316 versibuS,
2546 4253 2718 4302 con-
2863 4305 2873 4318 ,

332 4348 532 4409 stans
581 4337 721 4407 his:
774 4336 1206 4410 287-289,
1259 4337 1431 4409 293.
1488 4335 1659 4409 294.
1765 4335 2053 4407 Duabus
2104 4334 2364 4405 deinde
2413 4334 2718 4427 strophis

333 4441 588 4513 dicitur
633 4440 801 4512 Ceto
853 4440 1241 4511 Echidnam
1301 4439 1660 4532 peperisse
1710 4439 2023 4509 versibus
2078 4461 2217 4509 non
2280 4447 2717 4509 constantem

335 4544 583 4615 sedem
633 4544 1087 4627 habentibus,
1127 4543 1216 4614 de
1256 4542 1508 4633 quibus
1544 4545 1602 4613 si
1640 4544 1901 4615 tollitur
1935 4564 2171 4613 versus
2211 4542 2497 4626 inutilis,
2541 4543 2713 4625 300,
