3328 5326
663 378 791 440 380
1598 376 2103 440 EPICHARMUS.

663 591 849 653 esse,
888 569 1008 661 qui
1045 568 1394 639 hominem
1436 592 1576 640 non
1614 592 1824 663 supra
1854 570 2097 662 vulgus
2134 569 2520 662 sapientem
2556 566 2833 637 erudire
2870 568 3045 638 vult.

659 672 808 743 Sed
847 672 1370 743 consideremus
1407 674 1712 765 singula,
1771 694 2066 766 quorum
2102 673 2444 764 quaedam
2495 692 2663 741 sane
2716 671 3049 762 ambigua

660 776 887 846 videri
930 786 1257 868 possunt,
1314 777 1446 845 alia
1485 787 1716 848 autem
1753 798 1893 869 quo
1931 777 2244 847 vitiosius
2284 776 2665 869 perscripta
2700 786 2900 858 sunt,
2956 795 3046 843 eo

663 881 819 972 plus
860 879 1310 949 dubitationis
1349 879 1738 951 admittunt.
1803 881 1916 949 [lle
1955 880 2159 973 igitur
2197 881 2468 950 doctior
2506 878 2681 948 haec
2719 878 2925 948 dicit:

819 985 923 1054 A.
983 984 1116 1052 ἀλλ’
1159 982 1265 1051 ἀεὶ
1301 983 1415 1052 τοὶ
1453 985 1615 1053 θεοὶ
1651 984 1978 1079 παρῆσαν
2013 984 2389 1072 χύπέλιπον
2427 984 2511 1052 οὐ
2547 980 2871 1070 πώποκα,

973 1084 1140 1154 τάδε
1175 1087 1235 1155 δ’
1278 1085 1385 1155 ἀεὶ
1420 1084 1716 1181 πάρεσθ’
1759 1087 1978 1176 ὅμοια
2015 1085 2131 1156 διά
2164 1114 2242 1157 τε
2287 1085 2433 1156 τῶν
2471 1086 2703 1155 αὐτῶν
2741 1084 2877 1156 ἀεί.

661 1188 1054 1279 Legebatur
1090 1188 1204 1258 διὰ
1233 1188 1329 1258 δέ.
1391 1190 1569 1273 Quia
1605 1211 1785 1280 quae
1822 1210 2231 1282 praegressa
2271 1200 2467 1260 erant
2506 1209 2645 1257 non
2674 1187 3044 1273 habemuS,

663 1292 831 1361 latet
878 1313 1003 1361 nos
1057 1291 1374 1382 quidem,
1427 1294 1538 1362 cui
1592 1294 1981 1363 sententiae
2034 1293 2314 1364 alterius
2350 1293 2525 1363 haec
2564 1304 3042 1384 opponantur:

657 1395 791 1465 sed
829 1417 1040 1486 quum
1079 1395 1411 1489 deinceps
1449 1396 1540 1466 de
1576 1396 1658 1466 iis
1682 1418 1865 1489 quae
1893 1408 2231 1491 perpetuo
2260 1396 2479 1468 fluxui
2506 1395 2810 1466 obnoxia
2840 1418 3046 1467 num-

655 1520 874 1589 quam
919 1498 1168 1568 eadem
1220 1509 1549 1568 maneant
1599 1520 1829 1570 sermo
1883 1501 2000 1585 sit,
2053 1500 2200 1569 veri
2252 1501 2473 1570 simile
2511 1509 2640 1583 est,
2681 1500 3042 1569 mentione

660 1602 842 1673 illius
880 1602 1350 1672 mutabilitatis
1390 1605 1571 1673 facta
1607 1613 2007 1696 exemptam
2053 1625 2210 1673 esse
2250 1603 2541 1674 deorum
2576 1612 2928 1685 naturam,
2971 1612 3046 1673 ut

659 1726 844 1796 quae
897 1726 1175 1797 semper
1237 1706 1368 1776 sibi
1435 1718 1739 1792 constet,
1796 1707 2009 1798 idque
2073 1706 2535 1799 significatum
2591 1727 2747 1776 esse
2820 1708 3041 1776 altero

649 1815 890 1880 'versu
949 1808 1059 1877 Ad
1099 1809 1168 1879 id
1209 1810 1344 1879 iam
1382 1810 1762 1903 respondet
1796 1812 2002 1881 alter:

815 1915 916 1982 B.
962 1911 1134 1981 ἀλλὰ
1168 1914 1430 2001 λέγεται
1465 1915 1611 2004 μὰν
1646 1912 1816 2002 χάος
1852 1914 2126 2008 πρᾶτον
2162 1914 2489 2002 γενέσθαι
2526 1913 2670 1982 τῶν
2708 1912 2933 1998 θεῶν,

660 2035 752 2084 ne
791 2014 964 2084 deos
1001 2015 1321 2106 quidem,
1376 2016 1434 2086 si
1472 2027 1708 2087 cetera
1744 2017 2098 2088 mutabilia
2147 2017 2317 2101 sint,
2370 2016 2829 2109 excipiendos
2883 2035 3043 2086 esse

656 2119 892 2188 evinci
930 2129 1139 2189 ratuS.
1200 2120 1425 2203 Quem
1462 2131 1537 2190 ut
1573 2124 1850 2204 refutet,
1889 2121 2077 2213 prior
2116 2121 2228 2189 ille
2265 2120 2466 2190 dicit:

820 2222 922 2292 A.
966 2222 1113 2299 πῶς
1149 2224 1228 2293 δέ
1256 2251 1369 2310 κα,
1414 2224 1510 2319 μὴ
1541 2223 1694 2313 ”χον
1729 2226 1782 2313 γ’
1826 2224 1964 2294 ἀπὸ
2000 2222 2220 2309 τίνος,
2264 2224 2447 2319 μηδέ
2474 2223 2526 2311 γ’
2566 2221 2678 2292 ὅτι
2703 2223 2881 2316 πρᾶ-

2214 2352 2369 2416 τον,
2410 2323 2620 2416 μόλοι
2633 2353 2658 2418 3

657 2429 777 2497 Sic
831 2429 1016 2496 enim
1065 2428 1479 2499 scribendus
1531 2430 1813 2501 videtur
1862 2430 1973 2500 hic
2014 2451 2277 2500 versus.
2366 2430 2538 2499 Nam
2585 2449 2794 2499 sensu
2849 2438 3041 2498 caret

661 2532 955 2623 ipsoque
1006 2543 1230 2601 metro
1268 2532 1576 2601 vitiatam
1629 2534 2041 2626 scripturam
2094 2533 2358 2626 prodit,
2411 2532 2601 2625 quod
2656 2532 3037 2623 legebatur,

663 2634 809 2710 πῶς
853 2635 932 2703 δέ
971 2636 1020 2703 κ’
1076 2630 1444 2724 ἀμάχανον
1472 2636 1544 2724 ’γ’
1594 2632 1735 2706 ἀπό
1787 2660 1981 2714 τινος
2029 2636 2248 2732 μηδὲν
2294 2636 2334 2707 ὅ
2382 2663 2455 2707 τι
2478 2636 2763 2730 πρᾶτον
2798 2632 3032 2728 μόλοι.

661 2737 889 2828 Negat
926 2738 1223 2829 primum
1259 2738 1541 2829 prodire
1569 2740 1903 2831 potuisse,
1943 2741 2131 2832 quod
2168 2760 2308 2810 non
2348 2740 2605 2810 habeat
2652 2739 2841 2810 unde
2877 2762 3040 2832 pro-

658 2839 887 2910 dierit.
949 2841 1217 2910 Deinde
1255 2841 1380 2924 sic,
1421 2843 1476 2911 si
1517 2841 1681 2934 quid
1721 2843 1952 2927 vide0,
1999 2845 2413 2935 pergebant:

815 2948 915 3013 B.
971 2946 1097 3014 οὐκ
1129 2944 1234 3038 ἄρ’
1278 2944 1480 3036 ἔμολε
1509 2946 1788 3039 πρᾶτον
1816 2948 2020 3017 οὐδέν
2035 2975 2059 3040 3
2085 2950 2181 3018 A.
2217 2947 2378 3017 οὐδὲ
2404 2946 2506 3038 μὰ
2535 2945 2685 3017 Δία
2712 2943 3037 3040 δεύτερον

970 3049 1200 3118 τῶνδέ
1225 3048 1275 3137 γ’
1319 3045 1417 3118 ὧν
1454 3049 1627 3140 ἁμὲς
1663 3049 1793 3120 νῦν
1831 3044 1961 3119 ὦδε
1999 3052 2277 3140 λέγομες
2314 3050 2402 3120 ἂν
2436 3049 2670 3141 μόλοι.

661 3149 836 3220 Nam
890 3152 947 3221 si
998 3152 1170 3222 nihil
1207 3153 1504 3244 primum
1541 3153 1826 3246 prodiit,
1880 3174 1970 3223 ne
2007 3153 2396 3224 secundum
2433 3153 2716 3244 quidem
2759 3152 3029 3247 prodire

660 3254 1039 3346 quidquam
1075 3256 1385 3347 potuisse
1423 3257 1910 3350 consequitur,
1962 3257 2236 3327 iliorum
2268 3256 2595 3348 quidem,
2650 3256 2742 3326 de
2789 3257 3033 3349 quibus

661 3358 874 3427 locuti
912 3367 1131 3440 erant,
1170 3357 1236 3426 h.
1281 3380 1340 3427 e.
1383 3380 1624 3429 eorum
1653 3361 1907 3453 quibus
1937 3360 2163 3431 divina
2189 3369 2436 3431 natura
2463 3368 2759 3430 constat.
2822 3361 3034 3452 Lege-

661 3460 863 3530 batur
908 3460 1155 3530 horum
1198 3481 1520 3533 versuum
1574 3463 1922 3555 posterior
1958 3464 2057 3534 sic
2096 3465 2391 3557 scriptus
2429 3464 2653 3534 τῶνὸἕ
2679 3465 2734 3552 γ’
2779 3461 2878 3533 ὦν
2912 3486 3033 3533 νυν

659 3558 791 3632 ὦδε
827 3563 1125 3653 λέγωμεν
1172 3559 1299 3655 (vel
1337 3564 1569 3659 λέγων)
1617 3568 1846 3657 μέλλει
1882 3562 2037 3636 τάδ’
2077 3563 2285 3637 εἶναι.
2374 3567 2737 3636 Transibat
2782 3565 3032 3636 deinde

661 3665 752 3748 is,
810 3665 933 3757 qui
980 3675 1334 3759 postrema
1385 3667 1693 3753 dixerat,
1749 3669 1840 3739 ad
1886 3691 1997 3740 res
2049 3670 2310 3740 fluxas:
2378 3670 2568 3761 quod
2621 3670 2720 3739 sic
2768 3670 3036 3740 videtur

663 3770 950 3838 fecisse:
1731 3808 1734 3814 Α

2402 3874 2479 3944 τί
2510 3877 2625 3968 ὄιές

816 3977 897 4044 αι’
927 3977 1091 4075 ποτ’,
1121 3973 1442 4071 ἀριθμόν
1475 4003 1586 4054 τις
1620 3975 1985 4073 περισσόν,
2029 3981 2113 4048 αἱ
2140 3979 2222 4048 δέ
2247 3975 2335 4048 κοί
2372 3979 2497 4048 τιν’
2541 3977 2792 4073 ἄρτιον

813 4081 1177 4168 ποτθέμεν
1215 4079 1301 4172 λῇ
1334 4080 1584 4171 ψᾶφον
1619 4081 1662 4176 ἢ
1698 4081 1813 4151 καὶ
1851 4081 1986 4150 τᾶν
2020 4081 2462 4176 ὑπαρχοισᾶν
2496 4087 2733 4172 λαβεῖν

815 4174 860 4274 ἦ
898 4182 1087 4250 δοκεῖ
1117 4175 1202 4251 κά
1238 4205 1354 4250 τοι
1389 4182 1531 4271 τάχ’
1573 4183 1800 4260 ωὐτὸς
1834 4180 2030 4273 εἶμεν
2046 4211 2072 4275 3
2114 4188 2211 4253 B.
2258 4185 2384 4253 οὐκ
2418 4183 2577 4274 ἐμίν
2613 4181 2703 4273 γά
2738 4212 2856 4273 κα,

663 4283 1052 4374 Legebatur
1103 4285 1361 4353 omisso
1413 4288 1514 4373 αἰ,
1572 4296 1649 4357 ut
1694 4286 1883 4377 quod
1920 4297 2120 4356 ⁴esset
2169 4306 2327 4379 pars
2378 4288 2776 4380 praegressi
2828 4284 3023 4371 εἶναι,

657 4387 810 4456 ποτ’
855 4384 1173 4478 ἀριθμὸν
1208 4385 1337 4455 τὸν
1373 4386 1710 4481 περισσόν
1756 4426 1861 4441 -—-·
1912 4390 1995 4459 αἰ
2031 4389 2103 4460 δὲ
2138 4391 2258 4483 λῇς
2293 4390 2423 4460 τὸν
2459 4390 2709 4484 ἄρτιοεν
2745 4390 3026 4461 ποτεθέ-

660 4516 791 4580 μεν
844 4489 926 4581 λῇ
978 4488 1228 4579 ψᾶφον
1278 4489 1319 4583 ἢ
1367 4491 1482 4559 καὶ
1530 4492 1666 4562 τὰν
1715 4490 2172 4586 ὑπάρχουσαν
2219 4497 2485 4584 λαβεῖν,
2530 4488 2575 4589 ἦ
2623 4496 2811 4564 δοκεῖ
2842 4495 3028 4586 κᾴτοι

466 4619 522 4669 1>-
545 4610 631 4656 74⁴
661 4593 776 4662 καὶ
816 4594 854 4663 ὁ
894 4592 1112 4666 αὐτος
1147 4585 1364 4679 εἶμεν.
1412 4594 1536 4664 οὐκ
1574 4594 1735 4687 ἐμὶν
1771 4594 1978 4684 τάχα.
2054 4599 2109 4666 'I
2112 4595 2205 4665 ’ἄν
2248 4597 2695 4690 ὑπαρχοισᾶν
2731 4597 3027 4668 scriben-
