3328 5326
719 428 841 488 394
1757 422 2059 487 ATTIUS.

721 613 847 690 sed
883 616 1069 710 quod
1109 617 1293 688 idem
1329 616 1396 685 in
1436 616 1820 710 exemplari
1855 616 2333 688 Universitatis
2370 617 2784 687 Havniensis
2832 615 3064 686 adscri-

720 734 913 816 ptum
951 723 1067 806 ait,
1107 718 1508 804 ductoribus,
1549 720 1613 790 ei
1650 731 2134 812 argumentum
2169 720 2334 790 Attii
2379 722 2710 792 librorum
2746 728 2971 790 monet
3000 729 3066 790 ut

720 827 1218 919 praeferamuS,
1257 821 1444 915 quod
1483 823 1551 891 in
1583 822 1744 895 edd.
1779 824 2080 895 Iunianis
2109 834 2238 909 est,
2268 823 2619 895 actoribus.
2682 824 3068 918 Suspectum

720 930 948 1000 habeo
985 949 1079 998 ex
1114 947 1299 997 nono
1338 926 1512 997 libro
1553 927 2021 999 testimonium
2061 927 2348 999 Charisii
2386 951 2455 1021 p.
2494 925 2661 998 4⁴4.
2720 925 2977 998 Attium
3010 927 3068 996 in

721 1033 853 1103 illis
906 1030 1329 1102 numerantis
1378 1031 1497 1122 qui
1537 1039 1999 1125 poematorum
2053 1031 2388 1102 dixerint:
2451 1054 2609 1101 nam
2662 1054 2862 1126 quam
2904 1029 3070 1100 varia

721 1136 855 1206 sint
895 1157 1136 1228 qenera
1177 1142 1660 1229 poematorum,
1714 1131 1956 1218 Baebi,
2027 1158 2353 1230 quamque
2406 1124 2595 1228 lonqe
2649 1133 2954 1204 distincta
3001 1131 3069 1203 ab

723 1238 900 1324 aliia,
937 1261 1168 1308 nosce.-
1224 1237 1294 1307 in
1329 1236 1580 1329 quibus
1626 1237 1818 1329 quod
1857 1237 2248 1331 Madvigius
2286 1237 2732 1310 scribendum
2772 1237 3070 1321 coniecit,

723 1340 866 1412 alia
903 1340 983 1412 ab
1023 1339 1199 1425 aliia,
1239 1339 1675 1410 confirmavit
1701 1341 1932 1412 codex
1960 1342 2097 1411 MS.
2156 1341 2332 1412 Nam
2361 1343 2418 1413 si
2447 1364 2590 1413 non
2610 1350 3068 1436 poematorum,

723 1445 850 1517 sed
893 1451 1276 1541 poematum
1323 1444 1598 1537 scripsit
1635 1445 1894 1529 Attius,
1945 1448 2097 1516 solo
2133 1445 2267 1516 sint
2299 1445 2722 1539 transposito
2759 1444 3073 1515 hahemus

686 1566 691 1569 ·
721 1567 1050 1620 numeros
1085 1546 1500 1618 trochaicos.
1560 1548 1632 1617 Si
1670 1549 1946 1641 scripsit
1983 1558 2215 1620 autem
2244 1557 2728 1644 poematorum,
2768 1549 2868 1618 sic
2903 1546 3070 1618 ordi-

720 1652 952 1723 nanda
989 1659 1191 1722 erunt
1228 1651 1475 1721 verba:

1133 1775 1292 1823 nam
1328 1755 1525 1848 quam
1551 1757 2013 1849 poematorum
2048 1754 2240 1825 varia
2274 1758 2519 1849 yenera
2552 1753 2705 1840 sint,

826 1855 1060 1943 Bae'bi,
1100 1878 1427 1952 quamque
1461 1856 1649 1952 lo'nqe
1688 1856 1996 1928 distincta
2032 1857 2170 1929 alia
2207 1857 2288 1929 ab
2328 1857 2482 1930 aliis
2515 1861 2708 1929 nosce
2744 1880 2947 1929 nunc.

720 1963 867 2033 Nec
923 1969 1314 2055 repugnant
1375 1960 1551 2032 haec
1615 1961 1803 2055 apud
1853 1962 2181 2033 eumdem
2235 1962 2617 2034 Charisium
2667 1985 2732 2055 p.
2788 1965 2951 2032 495.
3010 1981 3074 2030 ex

723 2065 975 2137 eodem
1012 2065 1189 2135 libro
1204 2118 1222 2149 ‚
1260 2063 1606 2159 vectiqalia
1652 2064 1946 2159 leqerant
1991 2073 2207 2138 vestra
2244 2074 2307 2136 et
2340 2073 2687 2137 servantur
2723 2064 2962 2150 statim,
3001 2066 3076 2135 si-

721 2169 1006 2263 quidem
1043 2168 1144 2239 sic
1184 2167 1555 2240 scribenda
1592 2168 1957 2240 videntur:

2270 2272 2620 2368 vectigalia

1036 2372 1362 2469 Le'qerant
1394 2382 1612 2445 vestra
1648 2379 1712 2444 e't
1744 2374 2177 2446 servabantur
2208 2375 2453 2447 statim.

725 2479 1150 2550 Postremum
1180 2481 1642 2570 fragmentum
1669 2477 2157 2550 Didascalicon
2195 2501 2288 2551 ex
2324 2478 2576 2551 eodem
2606 2479 2784 2552 libro
2811 2479 3071 2574 petitum

721 2583 1027 2652 servavit
1061 2580 1454 2655 Priscianus
1489 2604 1556 2674 p.
1594 2584 1765 2652 603.

1075 2762 1085 2778 .
2272 2686 2795 2784 maqnificissimi

1032 2784 1614 2882 Excelsissimiqae
1650 2785 1920 2875 honore,

721 2891 917 2962 cuius
962 2893 1192 2962 varias
1245 2890 1313 2959 in
1366 2891 1728 2964 codicibus
1779 2892 2320 2986 depravationes
2375 2895 2736 2966 adnotavit
2782 2891 3077 2964 Krehlius

719 3018 783 3088 p.
825 2996 991 3066 4112.
1036 3005 1105 3066 et
1143 2997 1213 3065 in
1251 2994 1595 3066 addendis
1631 2997 1773 3067 vol.
1810 2995 1883 3066 ΙΙ.
1917 3020 1986 3091 p.
2023 3000 2193 3069 3⁴5.

926 3100 1116 3170 Haec
1153 3100 1212 3170 si
1247 3121 1391 3170 non
1427 3098 1579 3179 sine
1614 3099 2103 3193 probabilitate
2150 3100 2892 3201 disputassepvidebon
2941 3108 3067 3168 tan-

718 3195 862 3273 tum
920 3203 1121 3273 abest
1168 3212 1245 3273 ut
1298 3224 1506 3296 prosa
1570 3204 1885 3276 oratione
1951 3205 2331 3298 quidquam
2385 3205 2473 3277 ab
2524 3204 2712 3276 Attio
2766 3204 3065 3296 scriptum

718 3306 932 3376 fuisse
970 3307 1198 3376 evinci
1235 3306 1472 3399 possit,
1515 3317 1588 3378 ut
1623 3308 1833 3377 etiam
1861 3308 2450 3381 Didascalicorum
2489 3310 2702 3380 libros
2739 3305 3070 3401 scripsisse

716 3407 1068 3500 putandus
1107 3409 1197 3479 sit
1232 3410 1585 3495 versibuS,
1626 3432 1891 3504 eosque
1929 3412 2302 3484 trochaicis
2340 3423 2546 3498 totos,
2586 3411 2900 3505 quoniam
2934 3404 3070 3478 nul-

717 3512 856 3583 lum
896 3511 1069 3582 alius
1106 3512 1306 3582 metri
1346 3523 1612 3584 certum
1645 3515 2008 3608 vestigium
2047 3526 2356 3609 apparet.
