3328 5326
731 382 856 445 420
1481 381 1584 442 DE
1618 378 1967 445 MADVIGII
1999 383 2349 444 INTERPR.

729 573 1014 666 quidem
1048 594 1091 643 a
1127 593 1297 644 vera
1331 572 1609 665 syntaxi
1645 583 1717 642 et
1742 574 2048 666 legitimo
2082 584 2472 668 temporum
2508 596 2661 659 usu,
2702 596 2835 646 nec
2873 585 3104 647 tamen

730 678 1004 770 longius
1054 697 1263 768 quam
1306 676 1457 769 ipse
1493 677 1899 749 discesserit
1933 677 2211 751 Plautus
2257 679 2327 747 in
2375 678 2649 751 duobus
2686 699 2871 770 quae
2909 678 3111 748 affert

731 780 1096 873 exempliS,
1137 801 1376 850 eorum
1415 801 1548 872 ego
1585 782 2067 874 exemplorum
2102 792 2424 853 neutrum
2453 782 2741 875 accipio.
2801 782 2930 853 Illo
2955 783 3111 874 qui-

731 884 916 968 dem,
955 883 1145 974 quod
1183 891 1290 953 est
1324 883 1395 953 in
1433 882 1623 977 Capt.
1656 885 1760 954 111.
1798 888 1868 969 5,
1901 887 2020 955 53.

1143 1008 1302 1055 nam
1338 986 1639 1080 coyitato,
1676 987 1737 1058 si
1774 987 1920 1081 quis
1956 986 2080 1057 hoc
2113 995 2309 1081 qualo
2346 996 2456 1061 tao

1145 1097 1294 1159 tuus
1321 1112 1549 1160 servus
1568 1089 1767 1184 sapit,
1801 1090 2061 1184 qualem
2088 1089 2363 1161 haberes
2388 1090 2697 1184 qratiam,

728 1213 871 1262 non
907 1202 1062 1263 utar
1097 1202 1173 1264 ut
1203 1191 1394 1286 faoeet
1425 1194 1760 1287 scriptum
1797 1194 2010 1265 fuisse
2063 1193 2519 1279 contendam,
2571 1216 3000 1287 quamquam
3035 1193 3112 1264 id

729 1306 871 1366 tam
908 1306 1017 1367 est
1052 1296 1200 1367 veri
1238 1297 1459 1367 simile
1495 1318 1707 1389 quam
1742 1298 1934 1390 quod
1967 1297 2305 1382 maxime,
2345 1298 2473 1369 sed
2513 1307 2586 1369 ut
2619 1320 2878 1390 negem
2905 1296 3113 1389 quid-

727 1420 937 1492 quam
974 1402 1292 1473 conferre
1329 1400 1421 1471 ad
1458 1401 1982 1472 defendendum
2014 1400 2231 1495 faxim
2269 1402 2335 1469 in
2372 1401 2742 1472 Pseudolo.
2799 1401 2982 1473 Nam
3017 1401 3112 1472 de*

726 1525 865 1595 quo
901 1502 1016 1573 hic
1054 1504 1279 1596 agitur
1305 1505 1638 1597 Hegionis
1666 1503 1832 1589 filio,
1861 1505 1919 1575 is
1955 1505 2284 1597 quoniam
2319 1505 2513 1589 vivit,
2544 1515 2791 1598 captus
2817 1504 3110 1596 quidem

726 1607 816 1679 ab
852 1606 1195 1692 hostibuS‚
1235 1606 1387 1679 fieri
1423 1617 1653 1702 potest
1688 1618 1766 1679 ut
1801 1608 1946 1680 eius
1981 1630 2252 1692 servuS‚
2281 1629 2422 1700 quo
2450 1608 2698 1681 herum
2724 1608 3001 1693 liberet,
3027 1630 3106 1678 se

724 1711 917 1783 illum
954 1733 1113 1782 esse
1151 1712 1444 1783 simulet.
1506 1713 1745 1803 Itaque
1773 1711 1913 1782 dici
1946 1712 2169 1804 potuit
2202 1711 2261 1782 si
2299 1710 2423 1781 hoc
2454 1710 2708 1805 fecerit,
2749 1713 2908 1797 etsi,
2947 1712 3110 1804 quia

723 1815 1033 1886 nescitur
1083 1837 1173 1886 an
1228 1816 1318 1885 sit
1369 1817 1711 1900 factunm,
1768 1816 1839 1886 in
1876 1815 2168 1909 apodosi
2203 1817 2968 1909 plusquamperfectum
3003 1817 3108 1885 in-

724 1919 964 2003 fertur,
1004 1916 1202 2011 quasi
1242 1919 1468 1991 dictus
1506 1920 1595 1990 sit
1628 1940 1772 1989 non
1808 1921 2081 1990 fecisse.
2152 1917 2305 1989 Alia
2343 1929 2450 1989 est
2486 1919 2769 1993 alterius
2808 1919 3106 2011 exempli

723 2023 925 2107 rati0,
964 2022 1220 2116 sumpti
1256 2044 1296 2092 e
1335 2022 1712 2094 Cistellaria
1747 2023 1854 2093 IV.
1887 2024 1959 2107 2,
1993 2022 2110 2093 44.
2144 2022 2338 2138 quod
2364 2023 2755 2115 Madvigius
2793 2023 3103 2115 quidem,

723 2126 843 2218 qui
879 2126 1214 2197 librorum
1249 2127 1664 2220 scripturam
1701 2136 2039 2211 servaret,
2076 2148 2234 2195 nam
2266 2125 2328 2196 si
2363 2148 2552 2199 nemo
2578 2125 2706 2197 hac
2722 2125 3104 2221 praeteriit,

717 2237 1072 2324 postquam
1105 2229 1281 2300 intro
1318 2229 1477 2315 abii,
1517 2229 1771 2301 cistella
1806 2228 1916 2300 hic
1949 2229 2222 2315 iaceret,
2274 2230 2556 2300 omnino
2600 2251 2743 2301 non
2796 2230 3105 2302 debebat

723 2333 816 2405 ad
853 2333 1431 2406 defendendum
1412 2358 1485 2404 ιιι
1521 2334 1865 2406 Pseudolo
1898 2332 2116 2427 faoeim
2165 2332 2523 2404 adhibere.
2606 2333 2949 2427 Apertum
3003 2342 3106 2404 est

723 2437 912 2507 enim
959 2438 1281 2510 ancillam
1332 2439 1537 2509 istam
1586 2459 1730 2508 non
1775 2437 2083 2531 potuisse
2120 2436 2363 2508 dicere
2396 2436 2457 2508 si
2490 2459 2682 2506 nemo
2725 2435 2857 2508 hac
2902 2460 3106 2532 prae-

725 2538 1018 2610 terisset:
1070 2542 1384 2612 nondum
1421 2543 1608 2612 enim
1645 2542 1777 2611 scit
1811 2541 2161 2611 neminem
2188 2542 2631 2634 praeterisse,
2661 2563 2846 2632 quae
2875 2541 3103 2613 nosci-

726 2651 876 2713 tare
914 2643 1324 2737 incipiat‘an
1360 2644 1606 2737 aliquis
1642 2644 2093 2738 praeterierit.
2149 2643 2468 2717 ‘Accedit
2503 2644 2694 2737 quod
2730 2667 2824 2716 ne
2861 2643 3102 2716 iaceret

724 2746 1009 2838 quidem
1045 2748 1214 2818 vitio
1250 2767 1552 2819 vacuum
1589 2748 1890 2833 videtur,
1944 2747 2287 2840 siquidem
2325 2748 2658 2820 librorum
2716 2749 3102 2843 scripturae

723 2849 1056 2921 indicium
1091 2852 1354 2923 faciunt
1388 2861 1610 2923 metra
1645 2852 1747 2923 sic
1784 2873 1943 2925 esse
1981 2852 2449 2923 restituenda:

981 2978 1158 3025 nunc
1191 2954 1466 3049 vestiyia
1501 2954 1610 3027 hic
1645 2955 1709 3026 si
1749 2979 1881 3050 qua
1916 2954 2049 3026 sint
2081 2954 2453 3027 noscitabo:

979 3082 1139 3128 nam
1173 3059 1232 3129 si
1267 3082 1456 3129 nemo
1494 3058 1622 3130 hac
1649 3057 2022 3154 praeteriit,
2055 3067 2405 3153 postquam
2437 3058 2611 3129 intro
2641 3057 2842 3146 abivi,

979 3161 1231 3233 cistella
1266 3162 1375 3234 hic
1409 3162 1601 3249 iacet,
1642 3186 1812 3258 quae
1848 3162 2113 3257 quidem
2148 3161 2257 3232 hic
2283 3162 2512 3257 periit,
2553 3161 2813 3256 opinor.

928 3266 1117 3337 Haec
1153 3267 1359 3359 igitur
1397 3269 1722 3361 exempla
1756 3267 1927 3338 nihil
1954 3268 2322 3337 conferunt
2348 3267 2439 3337 ad
2468 3267 3091 3342 commendandum

565 3446 569 3450 ,
722 3370 794 3440 in
832 3369 1156 3440 Pseudoli
1189 3391 1401 3442 versu
1433 3370 1691 3464 sapim,
1747 3371 1877 3442 sed
1931 3369 2205 3442 ostendi
2258 3369 2565 3441 debebat
2597 3372 2903 3463 perfecti
2937 3392 3092 3442 con-

528 3565 531 3570 ,
599 3498 702 3561 με
723 3472 1107 3543 iunctivum
1179 3474 1274 3543 ita
1338 3476 1699 3567 usurpari,
1776 3483 1853 3546 ut
1915 3472 2504 3566 quemadmodum
2568 3473 2640 3543 in
2697 3475 3090 3568 plusquam-

721 3576 1016 3669 perfecti
1067 3585 1186 3646 aut
1235 3576 1625 3669 imperfecti
1679 3577 2165 3662 coniunctim,
2229 3577 2509 3669 negatio
2561 3579 2895 3650 contrarii
2945 3576 3086 3648 facti

719 3679 1000 3750 inesset.

928 3783 1125 3866 Quae
1160 3798 1369 3875 porro
1406 3783 1605 3853 affert
1630 3783 2044 3877 MadvigiuS‚
2074 3794 2150 3857 ut
2185 3807 2278 3855 ex
2304 3784 2455 3877 ipsa
2481 3784 2856 3856 verborum
2885 3787 3084 3856 forma

721 3894 1127 3978 argumenta
1165 3895 1376 3980 petat,
1407 3886 1657 3979 quibus
1683 3885 1846 3980 faxo
1875 3897 1946 3958 et
1971 3887 2221 3960 levasso
2261 3888 2348 3958 ab
2383 3887 2579 3959 initio
2616 3888 2960 3981 simplicia
2995 3891 3084 3960 fu-

721 3996 876 4061 tura
910 3991 1125 4061 fuisse
1162 3990 1518 4075 ostendat,
1545 3990 1725 4061 haec
1762 4004 1926 4061 sunt
1950 4015 2016 4085 p.
2053 3994 2186 4063 69:
2226 3991 2574 4064 neminem
2621 4014 2952 4084 umquam
2992 3991 3081 4063 di·

720 4092 910 4162 xisse
940 4116 1157 4188 capse,
1184 4093 1367 4187 fasce,
1407 4117 1553 4180 ame,
1585 4100 1760 4179 tame,
1801 4094 2052 4167 abieoee.
2113 4095 2264 4167 Non
2294 4115 2636 4188 apponam
2666 4117 2879 4190 cepae,
2909 4091 3074 4189 quod

722 4197 1003 4267 fuerunt
1038 4198 1156 4288 qui
1192 4198 1579 4269 scriberent
1613 4198 1684 4267 in
1722 4197 1941 4270 Plauti
1980 4198 2216 4269 Sticho
2253 4200 2300 4268 Ι.
2338 4202 2405 4282 3,
2442 4201 2510 4270 8.

1135 4324 1262 4395 quo
1297 4301 1519 4372 minus
1556 4299 1804 4373 laboris
1839 4301 2029 4372 illam
2066 4325 2256 4397 cepse
2291 4301 2638 4373 emistumo.

721 4402 897 4474 Nam
933 4425 1146 4494 quum
1183 4404 1339 4474 libri
1376 4405 1624 4500 cepisse
1661 4415 1976 4492 teneant,
2017 4415 2329 4499 praestat
2365 4405 2686 4480 ordinem
2720 4405 3068 4476 verborum

720 4506 1006 4580 mutari:

1133 4632 1256 4702 quo
1294 4610 1513 4682 minas
1550 4610 1798 4684 laboris
1835 4611 2083 4707 cepisse
2116 4610 2309 4684 illam
2336 4612 2678 4714 existumo.
