3328 5326
1235 359 1661 424 EURIPIDES.
2511 366 2634 426 205

286 555 391 628 dio
427 554 700 625 fabulae
737 552 1042 624 adiicere
1080 554 1407 638 voluisse,
1447 574 1671 645 eaque
1698 573 1947 624 caussa
1983 553 2188 624 etiam
2225 556 2633 629 insolentius

286 680 413 730 non
448 656 653 728 modo
691 657 925 740 deum,
964 657 1163 728 cuius
1192 657 1260 726 in
1289 657 1438 750 ipsa
1466 656 1827 750 tragoedia
1851 657 2082 728 nullae
2111 668 2342 751 partes
2371 670 2628 747 essent,

284 772 352 834 ut
386 763 450 831 in
489 760 854 854 Hippolyto
893 770 964 830 et
1000 762 1186 844 Ione,
1227 759 1355 831 sed
1390 760 1568 832 duos
1605 760 1802 845 deOS,
1840 770 1917 830 ut
1951 760 2021 829 in
2057 760 2432 847 Alcestide,
2472 786 2633 857 pro-

280 866 499 959 logum
527 872 813 957 agentes
842 864 913 931 in
942 873 1393 956 conspectum
1420 863 1861 957 produxisse,
1880 864 2019 934 illic*
2044 865 2327 957 quidem
2353 868 2631 952 rectiuS,

281 969 429 1062 quia
466 969 641 1038 alter
673 967 1115 1038 necessarius
1152 977 1281 1051 est,
1321 966 1511 1060 quod
1546 988 1688 1037 non
1715 977 1826 1038 est
1851 966 1923 1036 in
1950 968 2295 1040 Troadum
2310 971 2632 1063 prologo,

281 1074 345 1142 in
387 1093 523 1165 quo
575 1080 651 1141 ut
699 1071 1093 1164 Neptunum
1147 1072 1514 1142 eversione
1552 1070 1796 1141 Troiae
1849 1070 2204 1143 dolentem
2256 1094 2298 1143 a
2334 1073 2636 1143 Minerva

280 1175 363 1246 ad
398 1176 693 1245 classem
730 1173 1155 1245 Graecorum
1200 1173 1633 1267 perdendam
1679 1174 1973 1244 excitari
2015 1173 2346 1268 fingeret,
2395 1198 2482 1248 eo
2534 1177 2641 1249 vi·—

282 1278 472 1351 detur
508 1277 853 1349 adductus
891 1298 1048 1348 esse
1067 1329 1085 1361 ,
1139 1277 1329 1369 quod
1366 1277 1435 1349 in
1472 1278 1603 1350 ista
1639 1277 1941 1370 trilogia,
1982 1300 2185 1370 quae·
2204 1295 2303 1352 ex·
2332 1277 2642 1351 Alexan-

282 1380 848 1468 dro,·Palamede,
878 1379 1260 1451 Troadibus
1298 1381 1681 1474 composita
1711 1390 1882 1466 erat,
1922 1382 2121 1472 quasi
2155 1403 2496 1453 summam
2533 1392 2643 1454 to-

283 1487 410 1558 tius
438 1485 603 1556 belli
630 1484 904 1558 Troiani
933 1505 975 1555 a
1000 1484 1220 1577 prima
1250 1485 1400 1555 eius
1428 1505 1679 1555 caussa
1704 1505 1927 1576 usque
1953 1484 2047 1555 ad
2074 1486 2262 1557 urbis
2290 1487 2644 1559 excidium

283 1589 648 1660 ostendere
697 1588 1201 1681 spectatoribus
1252 1588 1552 1658 volebat.
1644 1585 1736 1659 At
1785 1588 2169 1670 consistere
2218 1588 2522 1664 debebat
2571 1590 2641 1659 in

282 1694 427 1763 fatis
465 1692 955 1776 Troianorum,
1008 1690 1328 1761 omittere
1378 1700 1611 1762 autem
1663 1711 1843 1783 quae
1880 1691 2164 1763 Graecis
2215 1702 2451 1763 essent
2485 1703 2646 1786 post

284 1805 549 1889 captam
577 1795 850 1865 Troiam
886 1803 1245 1879 eventura,
1283 1816 1496 1886 quum
1522 1794 1957 1887 praesertim,
1996 1805 2069 1868 ut
2095 1795 2447 1867 Minervae
2477 1817 2648 1867 con-

286 1899 518 1971 donari
558 1899 779 1991 possit
828 1897 1017 1990 quod
1067 1897 1302 1969 ulcisci
1339 1918 1479 1966 non
1521 1897 1832 1990 punitam
1868 1920 1908 1969 a
1946 1898 2230 1969 Graecis
2266 1899 2503 1992 templi
2539 1899 2646 1971 sui

286 2002 725 2074 violationem
775 2000 1000 2093 cupit,
1059 1999 1488 2094 Neptunum,
1558 2022 1902 2072 summum
1953 2001 2072 2072 illo
2126 2024 2348 2095 usque
2399 2002 2646 2073 Graeci

287 2106 632 2177 exercitus
668 2113 1058 2198 patronum,
1097 2125 1239 2173 non
1277 2103 1525 2175 deceat
1563 2113 1751 2173 tanta
1796 2104 2004 2174 animi
2041 2106 2533 2190 inconstantia,
2572 2114 2648 2177 ut
2665 2129 2765 2192 με

283 2208 462 2280 haud
514 2218 926 2279 cunctanter
978 2206 1381 2300 perdendae
1417 2206 1838 2280 Graecorum
1888 2208 2093 2279 classi
2130 2229 2413 2301 operam
2451 2230 2647 2280 suam

285 2313 724 2406 polliceatur,
793 2310 1087 2382 similem
1152 2310 1339 2381 illam
1405 2308 1761 2382 officiosae
1823 2310 1917 2382 ad
1968 2321 2290 2405 capturas
2343 2311 2648 2382 comitati

288 2438 524 2488 eorum
563 2415 682 2507 qui
716 2435 830 2500 res
864 2413 1221 2485 hominum
1255 2414 1568 2507 publicas
1604 2423 1897 2506 regunt.-

482 2520 681 2590 Hanc
718 2517 1145 2611 tragoediam
1183 2539 1396 2610 quum
1433 2538 1657 2610 nuper
1702 2518 2086 2610 relegerem
2122 2518 2313 2589 visus
2351 2540 2506 2589 sum
2542 2518 2645 2588 in-

284 2623 508 2694 venire
566 2622 826 2715 aliquot
873 2620 1102 2706 locOS,
1173 2641 1351 2714 quos
1421 2641 1563 2693 non
1623 2629 1820 2693 recte
1871 2621 2165 2716 scriptos
2227 2642 2384 2693 esse
2445 2622 2652 2692 etiam

284 2728 359 2797 A.
401 2727 699 2798 Seidleri
735 2725 1054 2797 eximiam
1090 2723 1517 2818 diligentiam
1555 2726 1859 2818 fugerat,
1912 2726 2031 2818 qui
2081 2734 2242 2797 ante
2289 2726 2414 2797 hos
2451 2726 2654 2818 quin-

287 2852 415 2924 que
452 2841 526 2902 et
563 2829 842 2923 triginta
879 2850 1099 2899 annos
1135 2849 1291 2900 eam
1326 2829 1630 2900 fabulam
1666 2828 2040 2900 utilissimis
2079 2829 2490 2901 instructam
2526 2829 2654 2900 ad-

287 2934 753 3006 notationibus
794 2931 1031 3005 edidit.
1115 2931 1215 3002 Ita
1262 2931 1446 3001 enim
1483 2941 1644 3003 sunt
1680 2953 1794 3002 res
1829 2930 2197 3017 humanae,
2235 2942 2310 3003 ut
2344 2930 2509 3002 nihil
2549 2933 2655 3002 in-

287 3039 603 3109 veniatur
660 3037 853 3130 quod
899 3035 1219 3106 omnibus
1271 3034 1579 3106 numeris
1629 3037 2016 3128 perfectum
2070 3036 2192 3120 sit,
2246 3057 2654 3127 summaque

288 3142 430 3214 laus
467 3163 679 3235 quam
716 3139 1002 3233 adipisci
1039 3138 1193 3231 quis
1230 3137 1657 3231 possit‘haec
1694 3139 1814 3223 sit,
1856 3159 1994 3207 non
2031 3138 2320 3233 turpiter
2355 3159 2650 3209 errasse.

288 3245 407 3316 Est
458 3246 648 3316 enim
699 3266 843 3314 non
895 3264 1008 3314 ars
1058 3238 1340 3334 quidem
1393 3240 1703 3326 errandi,
1755 3262 1923 3321 nam,
1955 3263 2068 3312 ars
2105 3242 2382 3334 regulas
2417 3241 2653 3327 habet,

289 3350 411 3421 sed
447 3349 669 3420 virtus
706 3346 1085 3441 quaedam,
1124 3366 1306 3439 quae
1342 3355 1450 3416 est
1485 3345 1555 3415 in
1591 3345 1804 3416 modo
1840 3366 1981 3437 quo
2016 3345 2170 3438 quis
2208 3354 2428 3430 errat,
2466 3345 2658 3438 plus-

293 3474 424 3545 que
480 3473 693 3545 saepe
742 3473 957 3525 navus
1012 3471 1236 3535 error,
1284 3470 1493 3541 quam
1543 3470 1684 3519 non
1734 3448 2027 3521 errantis
2063 3448 2339 3541 ignavia
2376 3449 2653 3543 profuit.

289 3555 388 3626 De
423 3557 555 3626 illis
593 3556 797 3649 igitur
832 3555 1027 3643 lociS,
1065 3553 1393 3646 quoniam
1430 3552 1690 3645 aliquid
1729 3552 2174 3647 praefationis
2211 3548 2656 3623 scribendum

294 3671 395 3731 est
447 3659 604 3731 vitis
658 3680 933 3744 eorum,
987 3657 1105 3750 qui
1153 3656 1288 3727 hoc
1344 3678 1574 3728 annuo
1625 3656 1848 3751 spatio
1899 3657 1970 3726 in
2006 3652 2387 3728 Academia
2421 3665 2659 3727 nostra

292 3762 773 3858 philosophiae
802 3761 1130 3833 doctores
1159 3758 1375 3833 creati
1405 3769 1587 3845 sunt,
1614 3761 1779 3830 volo
1817 3756 2124 3830 breviter
2158 3758 2327 3851 quid
2364 3759 2657 3830 sentiam

294 3887 671 3960 exponere.
731 3864 1144 3943 Praeteribo
1167 3874 1399 3936 autem
1436 3885 1543 3949 ea,
1582 3884 1764 3955 quae
1799 3863 1905 3934 vel
1930 3863 2114 3934 levia
2141 3871 2302 3933 sunt
2328 3871 2405 3933 ut
2430 3862 2658 3955 quivis

294 3971 511 4065 possit
562 3969 911 4063 corrigere
930 4023 948 4054 ,
987 3970 1100 4039 vel
1154 3976 1468 4040 correcta
1513 3989 1659 4038 non
1697 3966 2052 4038 debebant
2088 3965 2410 4057 cuiquam
2447 3964 2660 4037 dubia

293 4074 537 4160 videri,
574 4085 652 4146 ut
685 4097 752 4144 v.
792 4076 961 4144 439.
995 4082 1065 4143 et
1094 4073 1292 4156 228„
1324 4070 1415 4143 de
1443 4093 1580 4164 quo
1610 4070 1962 4143 Seidlerus
1990 4070 2059 4140 in
2088 4068 2431 4141 addendis
2459 4069 2657 4154 dixit,

296 4179 410 4250 vel
444 4179 513 4248 in
549 4178 739 4249 libris
774 4174 1174 4249 melioribus
1210 4175 1467 4246 rectius
1505 4184 1623 4247 aut
1658 4175 1753 4245 ita
1790 4174 2046 4268 scripta
2075 4182 2374 4258 exstant,
2403 4184 2478 4245 ut
2507 4182 2658 4244 utra

296 4300 466 4352 vera
500 4282 636 4354 sint
671 4280 1070 4373 ambiguum
1106 4287 1402 4363 maneat,
1438 4279 1656 4350 veluti
1691 4300 1755 4349 v.
1794 4278 2116 4350 35—37.
2173 4274 2345 4348 Illud
2383 4297 2554 4348 vero
2590 4276 2660 4344 in

299 4385 695 4457 universum
730 4382 1175 4455 monendum*
1193 4392 1321 4466 est,
1360 4381 1682 4453 editionis
1707 4380 2001 4452 Aldinae
2039 4382 2412 4474 scripturas
2449 4399 2660 4472 saepe

304 4489 836 4580 praestantiores
895 4476 1089 4570 esse,
1161 4504 1368 4578 quam
1435 4505 1615 4581 quae
1667 4494 1911 4578 postea
1969 4494 2129 4556 sunt
2179 4485 2247 4554 in
2300 4481 2659 4571 codicibus
