3328 5326
671 418 790 480 350
1743 415 2076 477 HYMNUS.

672 609 867 682 aliter
903 608 1023 678 vix
1057 606 1333 677 videtur
1367 606 1649 698 intelligi
1685 627 1893 699 posse
1929 604 2096 698 quid
2143 605 2311 677 illud
2347 604 2459 675 καὶ
2495 601 2856 699 ταρτάρου
2893 603 3016 673 sibi

676 713 873 785 velit:
926 718 1115 781 recte
1166 717 1396 781 autem
1433 709 1673 793 stabit,
1714 709 1771 779 si
1807 710 2136 802 scriptum
2174 709 2387 779 fuisse
2422 707 2812 801 putabimus
2849 705 3018 775 κατὰ

671 814 1031 910 τάρταρον
1068 810 1224 883 οἰκί’
1265 809 1580 901 ἐχούσας.
1642 812 1937 883 Omnino
1965 812 2149 883 enim
2187 812 2420 884 ultima
2456 810 2776 881 carminis
2813 809 3024 879 verba

677 918 1011 989 mendosa
1047 936 1202 985 esse
1240 924 1548 1009 apparet,
1589 925 1802 1008 parte,
1844 926 1921 988 ut
1957 915 2268 1000 videtur,
2323 916 2677 1007 neglecta,
2725 933 2911 1005 quae
2961 912 3026 980 in

679 1020 1149 1113 antiquissimo
1197 1018 1371 1087 libro
1419 1019 1595 1088 inter
1630 1028 1831 1089 notas
1869 1019 2167 1090 musicas
2204 1029 2274 1088 et
2310 1018 2693 1110 adscriptas
2731 1016 3030 1086 musico-

679 1147 830 1197 rum
867 1121 1347 1195 adnotationes
1393 1120 1778 1193 delituerat.
1862 1124 1961 1192 Ita
2007 1121 2518 1215 elegantissime
2569 1119 3032 1213 compositum

680 1248 956 1299 carmen
995 1225 1404 1297 habebimus
1440 1225 1574 1295 hoc
1609 1225 1820 1296 modo
1857 1224 2228 1319 scriptum:

1244 1329 1555 1419 Νέμεσιν
1588 1327 1762 1399 θεὸν
1801 1329 2059 1420 ᾄδομεν
2098 1326 2419 1421 ἀφθίταν
2696 1351 2855 1420 στρ.
2894 1322 2983 1395 α’.

1242 1427 1502 1527 δεινήν,
1542 1431 2083 1526 τανυσίπτερον,
2125 1428 2511 1526 ὀμβρίμαν,

1245 1535 1620 1629 νημερτέα,
1663 1535 1781 1604 καὶ
1816 1532 2163 1628 πάρεδρον
2202 1532 2457 1622 Δίκαν,

1351 1635 1527 1705 κατὰ
1562 1634 1921 1732 τάρταρον
1980 1690 1997 1707 .

1149 1743 1192 1810 5
1250 1739 1518 1830 Νέμεσι
1553 1737 1965 1833 πτερόεσσα,
2006 1740 2165 1832 βίου
2203 1736 2418 1837 ροπά,
2701 1763 2864 1832 στρ.
2899 1734 2960 1828 β’
2975 1791 2991 1808 .

1252 1842 1566 1912 κυανῶπι
1597 1841 1766 1930 θεά,
1808 1841 2117 1938 θύγατερ
2155 1843 2406 1930 Δίκας,

1358 1945 1405 2014 ἃ
1440 1946 1671 2037 κοῦφα
1709 1943 2136 2040 φρυάγματα
2168 1941 2458 2016 θνατῶν

1357 2049 1611 2138 ἐπέχεις
1654 2047 2006 2139 ἀδάμαντι
2040 2049 2323 2141 χαλινῷ,

1256 2151 1566 2239 ε”χθουσα
1608 2153 1669 2221 δ’
1710 2152 1915 2245 ὕβριν
1960 2153 2014 2222 τ’
2057 2150 2268 2221 ὀλοὰν
2316 2151 2591 2248 βροτῶν

1111 2257 1200 2324 40
1264 2306 1281 2324 .
1676 2307 1693 2325 .
1948 2305 1965 2325 .
2083 2307 2100 2324 .
2490 2306 2506 2323 .

504 2378 630 2438 p.⁴⁴
1360 2307 1624 2448 μέλανα
1662 2354 1945 2481 φθόνον
1979 2356 2171 2434 ἐκτὸς
2204 2307 2533 2433 ἐλαύνεις.

1260 2459 1397 2529 ὑπὸ
1438 2459 1562 2530 σὸν
1597 2459 1857 2554 τροχὸν
1894 2460 2205 2530 ἄστατον
2242 2458 2491 2585 ἀστιβῆ
2692 2460 2853 2529 ἀντ.
2889 2456 2990 2550 β’.

1262 2562 1539 2655 χαροπά
1573 2559 1902 2656 μερόπων
1942 2565 2313 2657 στρέφεται
2346 2560 2551 2650 τύχα·

1366 2661 1685 2759 λήθουσα
1723 2663 1795 2735 δὲ
1829 2661 1970 2760 πὰρ
2009 2662 2194 2736 πόδα
2226 2665 2513 2758 βαίνεις,

1118 2773 1208 2840 45
1364 2766 1844 2862 γαυρούμενον
1881 2771 2138 2858 αὐχένα
2173 2769 2446 2859 κλίνεις,

1264 2869 1403 2941 ὑπὸ
1440 2870 1667 2967 πῆχυν
1704 2871 1810 2941 ἀεὶ
1848 2869 2091 2962 βίοτον
2126 2878 2428 2966 μετρεῖς,

1265 2968 1483 3051 νεύεις
1519 2973 1583 3044 δ’
1623 2973 1764 3044 ὑπὸ
1801 2971 2057 3045 κόλπον
2094 2975 2324 3069 ὀφρύν
2359 2971 2574 3064 κάτω,

1371 3076 1573 3166 ζυγὸν
1606 3072 1685 3148 εὖ
1720 3076 1898 3167 μετὰ
1934 3083 2134 3171 χεῖρα
2169 3078 2548 3172 κρατοῦσα.

1271 3187 1492 3276 ἵληθι,
1533 3178 1874 3274 μάκαιρα,
1916 3178 2312 3267 δικασπόλε,
2704 3179 2866 3250 ἀντ.
2905 3176 2996 3249 α’.

1118 3286 1211 3357 20
1271 3285 1541 3373 Νέμεσι
1575 3281 1989 3377 πτερόεσσα,
2029 3281 2191 3375 βίου
2227 3281 2441 3378 ρὀπά,

1270 3385 1317 3454 ἃ
1348 3384 1480 3456 τὰν
1514 3384 2028 3480 μεγαλανορίαν
2063 3385 2363 3481 βροτῶν.

1381 3540 1907 3560 .......
1968 3494 2357 3583 καθαιρεῖς.

710 3591 941 3665 Ultimi
1002 3612 1238 3662 versus
1288 3591 1505 3661 verba
1555 3592 1850 3662 fortasse
1921 3591 2403 3663 huiuscemodi
2453 3590 2621 3684 quid
2668 3591 3059 3664 habebant:

710 3694 1013 3792 ἀδόκητ’,
1057 3694 1427 3789 άπρόοπτα
1463 3701 1852 3788 καθαιρεῖς.

917 3798 1135 3883 Libet,
1173 3796 1499 3889 quoniam
1537 3797 1867 3889 hymnum
1906 3796 2324 3869 Mesomedis
2362 3798 2649 3869 tractavi
2718 3799 2934 3869 etiam
2972 3819 3075 3867 re-

713 3904 897 3994 liqua
932 3901 1074 3972 duo
1112 3901 1451 3985 carmina,
1505 3921 1687 3992 quae
1733 3900 1892 3971 huic
1943 3910 2190 3993 poetae
2242 3902 2311 3970 in
2346 3900 2764 3994 Anthologia
2817 3902 3071 3974 tributa

713 4014 897 4091 sunt,
936 4005 1293 4098 attingere.
1350 4004 1609 4075 Eorum
1644 4003 1835 4089 illud,
1875 4003 2061 4096 quod
2089 4005 2160 4075 in
2191 4006 2442 4077 vitrum
2469 4006 2800 4098 scriptum
2831 4015 2965 4090 est,
3005 4005 3069 4073 in

713 4106 993 4179 Anthol.
1027 4109 1165 4179 Pal.
1198 4108 1268 4178 T.
1302 4108 1375 4178 ΙΙ.
1410 4131 1473 4202 p.
1512 4106 1681 4180 ¹723.
1714 4129 1854 4177 non
1891 4108 2232 4200 integrum
2268 4130 2425 4180 esse
2457 4109 2592 4179 iam
2619 4110 2900 4179 Hmmus
2929 4106 3072 4178 ani·-

716 4210 1202 4282 madverterat.
1263 4210 1642 4305 Constabat
1675 4211 1989 4283 versibus
2027 4211 2395 4283 trochaicis
2435 4212 2847 4285 tetrametris
2885 4220 3072 4282 cata-

718 4313 1003 4398 lecticiS‚
1042 4315 1159 4406 qui
1183 4314 1391 4385 valde
1420 4314 1725 4406 corrupti
1751 4314 1819 4382 in
1849 4313 2243 4387 dimidiatos
2273 4337 2515 4388 versus
2544 4314 2847 4388 distincti
2879 4322 3073 4385 erant

719 4417 855 4489 hoc
892 4417 1137 4487 modo:

1434 4516 1566 4588 τὰν
1602 4518 1803 4590 ὕελον
1837 4518 2104 4612 ἐκόμιζε

1438 4618 1661 4714 κόψας
1696 4616 1988 4717 ἐργάτας
2024 4621 2227 4720 ἀνήρ·

3248 335 3263 866 ᾼ-ῌ--ι-ι-ι-ι--ᾼ
