3328 5326
436 234 454 273 ἱ

1271 343 1675 409 HESIODUS.
2589 342 2667 409 53
2683 402 2694 411 ,

288 556 504 607 unum
555 534 929 618 coniunxi,
970 535 1233 611 eiectis„
1262 556 1443 627 quae
1488 534 1804 628 imperite
1849 533 2109 605 inserta
2157 543 2377 604 erant.
2436 534 2673 613 Posuit

285 647 521 711 autem
549 637 1001 731 interpolator
1024 639 1279 734 Κῆρας
1306 648 1464 731 post
1482 636 1808 733 Μοίρας,
1840 637 2001 730 quia
2046 637 2333 715 abiectis
2360 639 2671 717 versibus

288 742 411 834 qni
444 741 688 815 Furias
728 763 822 812 ex
856 740 1078 813 Nocte
1115 751 1519 833 procreatas
1558 742 1910 827 ferebant,
1949 762 2131 833 quae
2167 739 2258 812 de
2294 741 2429 813 illis
2467 764 2671 835 prae:

285 846 517 917 dicata
556 855 756 921 orant
792 844 883 915 ad
917 845 1173 941 Κῆρας
1210 845 1452 915 referri
1474 845 1717 921 :voluit
1783 844 2020 921 Furias
2057 844 2241 917 enim
2278 845 2441 917 hinc
2479 867 2672 921 amo-

284 948 547 1019 vendas
578 957 970 1033 censuerat,
999 946 1188 1040 quod
1217 949 1349 1019 alia
1374 970 1616 1020 earum
1643 948 1840 1041 origo
1867 957 2250 1029 memorata
2275 958 2383 1018 est
2409 973 2465 1018 v.
2497 952 2664 1020 185.

284 1053 548 1150 Earum
585 1052 791 1149 igitur
825 1050 938 1121 hic
974 1051 1255 1141 nomina
1289 1052 1576 1137 restitui,
1616 1061 1852 1123 notata
1888 1052 2087 1145 primi
2113 1072 2351 1123 versus
2380 1052 2664 1123 iactura.

282 1156 437 1226 Non
475 1155 666 1225 enim
704 1155 1047 1225 assentior
1081 1155 1533 1249 Goettlingio‚
1573 1156 1690 1247 qui
1728 1177 1977 1226 munus
2014 1154 2368 1226 Furiarum
2415 1154 2788 1247 1110311119
2848 1160 2854 1167 ’

278 1260 540 1356 Κῆρας
575 1260 985 1330 translatum
1022 1259 1308 1357 putavit,
1337 1259 1529 1352 quod
1556 1258 1836 1329 videbat
1860 1258 2263 1352 Euripidem
2294 1259 2364 1328 in
2392 1259 2669 1330 Electra

280 1388 342 1432 v,
390 1363 615 1436 ⁴252.
656 1362 920 1433 dixisse
957 1361 1180 1432 δειναὶ
1216 1361 1291 1432 δὲ
1321 1363 1596 1458 Κῆρες,
1640 1367 1718 1432 αἱ
1752 1359 2128 1440 κυνώπιδες
2162 1360 2370 1451 θεαί,
2413 1388 2667 1459 τροχη-

280 1464 657 1561 λατήοουό
715 1465 996 1560 ἐμμανῆ
1048 1463 1545 1556 πλανώμενον,
1603 1474 1812 1558 atque
1848 1464 2270 1559 Aeschylum
2306 1465 2668 1558 scripsisse

286 1569 355 1638 in
395 1569 588 1662 Sept.
631 1568 722 1641 ad
754 1568 876 1641 Th.
915 1567 1111 1643 1047
1120 1624 1133 1637 .
1164 1569 1404 1664 Κῆρες
1432 1567 1784 1664 Ἐρινύες.
1841 1569 2126 1641 Diversa
2162 1568 2349 1641 enim
2385 1568 2670 1641 numina

283 1683 446 1744 sunt
480 1673 764 1768 Κῆρες,
816 1692 994 1763 quae
1046 1681 1338 1742 mortem
1378 1693 1461 1742 ac
1499 1673 1878 1765 perniciem
1925 1673 2252 1758 afferunt,
2292 1680 2363 1743 et
2398 1673 2665 1758 Furiae,

281 1798 466 1868 quae
522 1782 685 1846 sunt
736 1774 1015 1847 ultrices
1075 1775 1397 1847 caedium
1446 1776 1877 1868 aliorumque
1929 1776 2138 1870 impie
2195 1785 2268 1849 et
2316 1778 2668 1847 scelerose

280 1882 666 1950 factorum:
721 1899 904 1971 quae
940 1879 999 1949 si
1036 1900 1079 1948 a
1116 1879 1389 1973 tragicis
1427 1879 1806 1972 aliquando
1839 1881 2080 1975 Κῆρες
2112 1889 2448 1957 vocantur
2469 1934 2492 1966 ‚
2526 1901 2670 1951 non

288 1983 730 2076 appellantur
778 1982 1060 2055 nomine
1106 2003 1268 2065 suc,
1316 1981 1446 2052 sed
1489 1983 1835 2076 epitheto,
1887 1982 1960 2052 id
2006 1982 2200 2074 quod
2235 1983 2460 2076 ipsum
2499 1982 2670 2055 illud

283 2085 620 2178 Aeschyli
656 2087 1058 2179 exemplum
1093 2083 1417 2157 ostendit.
2471 2134 2476 2137 ι

488 2189 728 2261 Noctis
794 2189 1201 2282 progeniem
1264 2187 1621 2281 excipiunt
1674 2189 1926 2261 Terrae
1982 2186 2100 2261 filii
2149 2213 2209 2258 v.
2257 2189 2425 2261 126.
2526 2188 2670 2261 Sed

283 2292 702 2365 duodecima
736 2292 1025 2385 stropha
1059 2292 1320 2384 aliquot
1360 2301 1650 2365 onerata
1686 2301 1795 2365 est
1831 2291 2071 2365 alienis
2108 2291 2454 2376 versibus,
2493 2313 2671 2383 quo-

279 2396 588 2470 rumille
624 2396 743 2488 qui
790 2407 897 2469 est
936 2399 1105 2467 131.
1149 2395 1359 2469 etiam
1410 2397 1469 2465 si
1517 2396 1842 2467 scribitur
1894 2394 2084 2487 quod
2131 2404 2325 2467 recte
2373 2395 2672 2467 restituit

282 2500 746 2591 Goettlingius
797 2500 843 2595 ἢ
897 2497 971 2569 δὲ
1022 2497 1139 2573 καὶ
1193 2497 1584 2594 ἀτρύγετον
1647 2501 1942 2588 πέλαγος
2009 2499 2242 2588 τέκεν,
2313 2495 2500 2592 (nam
2552 2498 2673 2595 ἡδὲ

284 2604 572 2676 nomina
606 2603 1024 2688 nominihus,
1055 2603 1268 2675 verba
1301 2603 1529 2674 verbis
1566 2601 1945 2695 coniungit,
1984 2622 2128 2673 non
2164 2600 2475 2695 adiungit
2510 2623 2674 2676 sen-

286 2708 575 2782 tentias:
633 2729 865 2799 neque
903 2707 1090 2778 enim
1128 2707 1480 2782 adiunctio
1518 2717 1648 2791 est,
1688 2707 1809 2781 ubi
1843 2705 1963 2802 ἡδὲ
1998 2707 2297 2780 refertur
2334 2706 2673 2806 adprae-

282 2834 607 2904 goeessum
642 2810 798 2905 μέν)
838 2820 1071 2884 tamen
1108 2810 1375 2884 alienus
1411 2820 1538 2883 est.
1596 2809 1950 2884 Montibus
1988 2830 2352 2894 oceanum,
2390 2809 2528 2882 hoc
2566 2820 2675 2881 est

285 2916 438 2987 solo
475 2907 656 2987 duro
692 2916 1025 3007 siccoque
1054 2936 1305 3006 aquam
1333 2915 1658 3008 opposuit
1692 2922 1925 3007 poeta,
1965 2922 2040 2986 ut
2074 2935 2218 2984 non
2254 2936 2430 3006 opus
2468 2914 2675 2986 fuerit

283 3026 577 3113 pontum
614 3018 971 3092 nominari.
1041 3019 1212 3090 Tum
1250 3020 1339 3089 ab
1376 3019 1568 3090 initio
1606 3016 1935 3111 strophae
1972 3017 2337 3108 legebatur
2371 3018 2565 3087 Γαΐα
2601 3018 2683 3088 δέ

280 3149 401 3195 τοι
448 3122 749 3217 πρῶτον.
773 3120 905 3212 μὲν
937 3119 1254 3210 ἐγείνατο
1306 3118 1463 3192 ἶσον
1512 3121 1760 3214 ἑαυτῇ,
1803 3120 1872 3189 in
1911 3141 2051 3211 quo
2085 3120 2407 3192 vitiosum
2453 3120 2671 3213 ἑαυτῇ

280 3225 723 3302 Muetzellius
755 3247 821 3317 p.
859 3223 1005 3298 406
1046 3245 1203 3296 cum
1241 3222 1519 3318 ἁπάντῃ
1577 3222 2146 3298 commutandum
2196 3223 2504 3316 putabat.
2580 3221 2673 3292 At

280 3351 427 3400 non
465 3329 692 3400 minus
726 3328 1045 3401 vitiosum
1082 3326 1362 3399 est-voi.
1431 3330 1669 3419 ltaque
1705 3348 1911 3398 versu
1946 3326 2037 3397 ad
2073 3327 2483 3398 Homericae
2520 3325 2680 3398 dic-

278 3433 493 3504 tionis
532 3432 932 3524 exemplum
968 3442 1285 3506 correcto
1322 3431 1423 3502 sic
1461 3430 1835 3506 scribenda
1870 3432 2003 3503 erit
2039 3431 2217 3502 haec
2253 3430 2574 3523 stropha:

286 3538 441 3610 4-26
598 3537 794 3608 Γαῖα
829 3534 903 3608 δὲ
938 3533 1021 3606 οἶ
1042 3536 1328 3631 πρῶτον
1362 3533 1494 3626 μὲν
1528 3533 1848 3624 ἐγείνατο
1882 3532 2192 3606 πάντοσε
2230 3529 2390 3606 ἶσον

500 3637 837 3733 Οὐρανὸν
870 3636 1309 3732 ἀστερόενθ’,
1353 3645 1470 3709 ἵνα
1505 3664 1633 3730 μιν
1668 3638 1829 3733 πέρι
1863 3635 2102 3709 πάντα
2136 3635 2500 3710 καλύπτοι·

493 3739 781 3833 γείνατο
815 3743 875 3811 δ’
918 3741 1132 3837 οὔρεα
1164 3738 1434 3836 μακρά,
1474 3742 1669 3814 θεῶν
1703 3739 2077 3835 χαρίεντας
2110 3737 2468 3825 ἐναύλους,

492 3843 754 3938 νόσφιν
790 3844 957 3939 ἄτερ
997 3842 1378 3941 φιλότητος
1411 3846 1782 3938 ἐφιμέρου·
1827 3843 2056 3938 αὐτὰρ
2096 3844 2336 3916 ἔπειτα

500 3948 804 4044 Οὐρανῷ
840 3950 1223 4043 εὐνηθεῖσα
1257 3949 1387 4020 τέκ’
1421 3946 1760 4022 Ὠκεανὸν
1794 3945 2216 4040 βαθυδίνην.

274 4054 487 4137 Quae
533 4052 845 4145 sequitur
896 4052 1097 4124 tertia
1149 4050 1423 4122 decima
1466 4050 1786 4148 stropha,
1825 4071 2066 4122 versus
2101 4049 2371 4122 habens
2414 4048 2661 4121 ⁴34-

281 4159 460 4228 138.
504 4176 657 4226 eam
708 4156 839 4228 etsi
881 4155 1080 4228 video
1119 4155 1282 4228 ferri
1319 4176 1564 4248 posse,
1606 4164 1840 4226 tamen
1877 4152 2019 4224 duo
2056 4153 2126 4223 in
2162 4173 2248 4223 ea
2286 4163 2446 4223 sunt
2483 4176 2666 4246 quae

268 4260 733 4331 vehementer
770 4258 1202 4351 displiceant.
1278 4258 1454 4327 Nam
1493 4258 1769 4328 ultimus
1805 4278 2068 4341 verSUS,

497 4359 902 4439 δεινότατος
935 4360 1236 4450 natvm,
1273 4360 1585 4455 θαλερὸν
1622 4364 1684 4431 δ’
1723 4361 1989 4457 ἤχθηρε
2027 4359 2278 4456 τοκῆα,

270 4486 537 4537 vereor
583 4487 672 4535 ne
716 4487 859 4536 non
908 4465 996 4537 sit
1043 4465 1423 4557 genuinus,
1463 4486 1606 4536 non
1641 4463 1832 4557 quod
1868 4485 2008 4534 non
2046 4472 2238 4536 recte
2276 4462 2537 4533 dictum
2576 4463 2664 4531 sit

266 4566 598 4663 θαλερὸν
632 4569 880 4665 τοκῆα,
921 4591 1104 4662 quae
1139 4567 1599 4660 quorumdam
1635 4590 1812 4639 vana
1848 4567 2082 4660 opinio
2121 4568 2269 4653 fuit,
2310 4566 2436 4637 sed
2474 4564 2668 4658 quod
