3328 5326
868 1477 1971 1596 THEOORITUS.

1266 1757 1579 1772 Q

842 1959 1212 2046 SOHOLAE
1263 1959 1871 2047 THEOORITEAE.
1895 1965 1961 2066 ³¹²)

434 2156 963 2228 Diversissimae
1013 2168 1172 2230 sunt
1219 2158 1575 2231 hominum
1633 2159 2000 2232 doctorum
2063 2160 2450 2230 sententiae
2512 2159 2604 2231 de
2622 2194 2677 2246 p.
2697 2188 2794 2241 9⁶9

233 2260 559 2345 carmine,
599 2261 790 2353 quod
815 2262 885 2330 in
914 2261 1342 2333 Theocriteis
1372 2273 1478 2333 est
1503 2264 1818 2355 quintum
1846 2273 1919 2334 et
1949 2263 2370 2335 vicesimum.
2429 2263 2603 2334 Nam

232 2373 296 2434 et
331 2387 375 2435 a
414 2386 553 2456 quo
590 2365 922 2458 scriptum
960 2366 1048 2435 sit
1083 2365 1471 2451 dubitatur,
1524 2377 1594 2436 et
1646 2388 1860 2459 quum
1913 2365 2332 2459 quibusdam
2376 2366 2604 2438 visum

229 2469 312 2538 sit
347 2469 917 2540 venustissimum
945 2490 1133 2553 esse,
1176 2470 1265 2539 ab
1302 2469 1451 2539 aliis
1488 2470 1583 2540 ita
1621 2479 1731 2540 est
1759 2471 2245 2563 vituperatum,
2274 2479 2354 2541 ut
2379 2470 2605 2541 Theo·-

227 2572 401 2642 crito
438 2582 629 2642 certe
665 2593 805 2642 non
845 2591 1005 2642 esse
1044 2572 1330 2666 dignum
1368 2572 1774 2643 iudicarent.
1847 2573 1950 2643 Ac
1988 2574 2058 2643 L.
2107 2573 2179 2643 C.
2223 2571 2607 2644 Valckena—

227 2676 401 2760 riuS,
453 2677 572 2768 qui
623 2696 838 2769 quum
888 2687 1079 2747 recte
1134 2676 1446 2749 iudicare
1497 2698 1623 2772 pro
1678 2687 1867 2749 tanta
1914 2687 2178 2770 quanta
2232 2678 2606 2750 instructus

229 2789 383 2850 erat
428 2780 851 2872 antiquitatis
900 2781 1190 2851 scientia
1235 2790 1506 2875 posset,
1555 2802 1643 2851 ea
1689 2782 1840 2875 ipsa
1877 2782 2168 2852 scientia
2203 2781 2480 2852 videtur
2517 2778 2608 2852 ad

227 2883 662 2976 suspiciones
698 2882 1061 2955 iaciendas
1098 2884 1476 2977 proclivior
1511 2886 1734 2956 factus
1774 2884 2026 2970 fuisse,
2064 2884 2391 2956 carminis
2428 2885 2606 2956 illius

225 2986 636 3079 scriptorem
689 3004 830 3058 non
879 2988 1090 3059 modo
1143 2986 1692 3058 diversissimum
1745 3009 1785 3057 a
1821 2987 2185 3059 Theocrito
2242 3004 2401 3058 esse
2445 3006 2607 3080 pro-

227 3091 606 3175 nunciavit,
647 3090 774 3161 sed
811 3101 882 3160 et
917 3090 1053 3161 hoc
1090 3108 1373 3160 carmen
1422 3100 1493 3159 et
1531 3090 1702 3162 illud
1731 3088 1842 3161 cui
1873 3090 2108 3161 titulus
2132 3099 2245 3160 est
2276 3088 2604 3184 Ἠρακλί-

227 3218 392 3272 σκος
435 3204 670 3288 partes
719 3194 932 3266 fuisse
981 3194 1240 3264 veteris
1303 3192 1669 3263 cuiusdam
1719 3193 2103 3264 Heracleae
2162 3192 2601 3275 conficiebat,

229 3318 485 3391 easque
521 3296 703 3369 illius
756 3297 1145 3390 scriptoriS,
1200 3297 1316 3389 qui
1368 3296 1574 3366 etiam
1614 3292 1968 3389 Megaram
2008 3296 2275 3366 Moschi
2318 3314 2605 3366 carmen

231 3402 538 3472 fecisset:
589 3402 684 3471 ita
723 3410 797 3472 ut
833 3401 969 3472 hoc
1005 3418 1285 3493 quoque
1323 3420 1604 3471 carmen
1644 3398 1912 3470 Moschi
1950 3400 2017 3470 in
2055 3400 2369 3493 partibus
2411 3399 2606 3476 istius

234 3504 609 3576 Heracleae
644 3522 1054 3575 numerasse
1089 3504 1429 3575 videatur.
1487 3504 1678 3573 Haec
1715 3522 1887 3574 vero
1925 3524 2138 3597 quum
2174 3504 2289 3574 vel
2327 3502 2607 3574 dialecti

233 3607 595 3680 diversitas
652 3609 826 3679 falsa
878 3626 1036 3679 esse
1092 3608 1444 3691 ostendat,
1509 3606 1701 3699 quod
1758 3605 2224 3701 Ἠρακλίσκος
2285 3607 2607 3677 Doricam

229 3706 597 3784 dialectum
635 3711 874 3796 habet,
915 3721 1061 3782 tum
1099 3728 1187 3781 eo
1224 3728 1504 3803 quoque
1543 3711 1964 3797 refutantur,
2011 3710 2234 3803 quod,
2276 3711 2334 3780 si
2371 3719 2608 3780 essent

229 3814 363 3884 ista
409 3816 717 3886 carmina
765 3822 1003 3909 partes
1057 3814 1344 3885 alicuius
1382 3812 1802 3898 Heracleae,
1842 3834 1981 3884 non
2023 3823 2225 3886 vetus
2264 3809 2400 3883 dici
2438 3808 2606 3884 illud

229 3936 476 4010 poema
513 3928 786 4013 posset,
841 3919 897 3989 si
936 3924 1459 4011 compararetur
1496 3938 1656 3989 cum
1693 3936 1865 3987 aevo
1900 3934 2040 4009 quo
2076 3916 2244 3985 vixit
2276 3915 2607 3986 Theocri-

229 4030 367 4091 tus.
420 4022 646 4115 Atque
683 4022 818 4092 hoc
852 4023 968 4093 vel
1009 4023 1232 4092 solum
1270 4020 1436 4091 satis
1477 4030 1583 4091 est
1619 4020 1714 4091 ad
1755 4019 2005 4090 Reiskii
2053 4040 2362 4090 errorem
2401 4040 2607 4113 argu-

229 4122 508 4211 endum,
545 4126 664 4219 qui
701 4144 981 4196 carmen
1011 4125 1354 4195 Theocriti
1389 4120 1591 4194 XXV.
1622 4133 1892 4218 partem
1921 4144 2079 4194 esse
2106 4123 2338 4216 magni
2376 4124 2607 4216 operis

235 4228 549 4319 putabat,
602 4229 802 4323 quod·
829 4228 1165 4300 Pisander
1201 4227 1615 4299 Camirensis
1669 4228 1757 4299 de
1794 4224 2109 4298 Herculis
2145 4227 2357 4297 rebus
2394 4226 2607 4320 gestis

238 4330 678 4403 condidisset.
765 4333 937 4402 Nam
992 4331 1397 4403 Pisandrum
1448 4331 1637 4402 illum
1690 4331 1897 4401 etiam
1954 4330 2012 4400 si
2046 4330 2201 4423 quis
2238 4348 2493 4423 neque,
2534 4338 2610 4400 ut

241 4431 487 4506 Suidas
539 4444 782 4507 auctor
832 4445 971 4519 est,
1024 4436 1212 4506 circa
1259 4428 1742 4528 Olympiadem
1778 4430 2081 4503 XXXllI.
2122 4454 2355 4526 neque
2401 4443 2478 4504 ut
2522 4430 2601 4500 Ο.

410 4653 461 4737 ⁴⁸⁵)
501 4654 789 4719 zeitschr.
827 4654 873 4717 f.
909 4654 1066 4718 AW.
1111 4656 1276 4716 ⁴840
1303 4674 1370 4736 p.
1408 4654 1555 4716 969.
1603 4652 1703 4718 Cf.
1741 4650 2008 4735 Opuscc.
2044 4648 2097 4717 V
2127 4672 2191 4735 p.
2231 4654 2310 4715 '78
2343 4666 2439 4731 sq.
