3328 5326
1180 380 1691 442 THEOCRITUS.
2494 381 2618 442 335

273 593 485 644 versus
533 571 745 642 habet
778 594 988 644 versu
1043 571 1435 643 intercalari
1481 570 1847 643 discretos
1931 572 2205 642 Etenim
2249 583 2617 665 postquam

272 676 486 748 mulier
519 675 590 745 in
627 677 857 769 priore
894 677 1219 747 carminis
1271 686 1463 770 parte
1504 674 1595 745 de
1632 676 1893 746 artibus
1931 676 2217 768 magicis
2254 674 2431 746 dixit
2465 678 2618 769 qui-

266 781 380 850 bus
415 789 820 851 revocatura
859 780 948 850 sit
982 779 1335 851 infidelem
1372 789 1790 864 amatorem,
1840 779 1910 847 in
1957 780 2174 849 altera
2212 780 2617 850 fervescens

267 903 469 975 eoque
514 882 817 976 strophis
863 892 1067 955 utens
1117 883 1541 976 longioribus
1590 892 1827 953 narrat
1872 904 2013 975 quo
2068 880 2278 953 modo
2314 882 2385 951 in
2421 905 2617 954 amo-

265 1008 394 1056 rem
440 986 799 1080 Delphidis
853 986 1172 1057 inciderit
1224 996 1623 1080 quantaque
1686 987 1801 1057 ille
1868 1007 2025 1057 eam
2076 986 2360 1056 levitate
2409 985 2620 1057 dese-

265 1090 483 1160 ruerit:
538 1099 891 1183 postremo
930 1090 997 1160 in
1036 1090 1239 1161 tertia
1283 1090 1558 1160 decima
1593 1091 1882 1184 stropha
1918 1099 2202 1183 ereptae
2240 1089 2371 1159 sibi
2409 1089 2622 1183 virgi-

264 1193 473 1263 nitatis
552 1194 904 1265 mentione
975 1196 1194 1279 facta,
1267 1216 1482 1286 quum
1551 1193 1868 1286 quintum
1931 1214 2215 1265 versum
2285 1192 2621 1288 excipere

263 1297 671 1368 intercalaris
725 1298 1051 1383 deberet,
1094 1297 1310 1391 magis
1348 1296 1556 1367 etiam
1594 1298 1827 1367 animo
1866 1309 2236 1381 commota,
2275 1297 2425 1369 eius
2462 1298 2621 1368 loco

262 1400 392 1471 aliis
419 1400 651 1470 verbis
689 1401 918 1472 subito
956 1402 1304 1495 abrumpit
1339 1419 1645 1471 carmen.
1705 1400 1993 1471 Prodire
2019 1422 2106 1470 ex
2133 1399 2269 1471 hoc
2298 1402 2622 1494 exemplo

259 1504 319 1573 in
354 1504 749 1575 universum
786 1505 963 1575 haec
1001 1507 1240 1598 regula
1282 1504 1589 1587 videtur,
1644 1517 1717 1576 ut
1755 1503 2014 1595 aliquot
2052 1524 2254 1597 pares
2293 1504 2620 1596 strophae

257 1607 373 1677 sibi
420 1607 842 1680 succedant:
915 1630 1125 1701 quam
1186 1609 1495 1702 regulam
1559 1617 1752 1701 patet
1802 1608 2033 1678 multis
2086 1606 2311 1677 modis
2362 1607 2621 1678 variari

257 1730 465 1804 posse.

446 1813 676 1907 Atque
727 1815 796 1883 in
835 1816 1055 1886 altero
1106 1814 1290 1907 apud
1330 1815 1771 1886 Theocritum
1819 1814 2144 1907 exemplo
2180 1811 2373 1906 quod
2409 1822 2517 1884 est
2550 1814 2620 1883 in

258 1917 522 2009 primo
562 1918 797 2011 idyllio
834 1939 971 2011 qua
1007 1929 1155 1989 arte
1193 1919 1655 2012 compositum
1682 1919 1771 1988 sit
1798 1939 2080 1989 carmen
2109 1916 2488 2010 Thyrsidis‚
2528 1938 2658 1991 ex1

260 2020 394 2113 ipso
429 2032 866 2114 argumento,
906 2044 945 2092 a
984 2044 1124 2115 quo
1162 2043 1440 2114 semper
1475 2022 1545 2091 in
1583 2023 1701 2092 tali
1729 2022 2140 2114 quaestione
2170 2018 2622 2114 proficiscen-

256 2123 407 2196 dum
443 2135 577 2210 est,
617 2127 1136 2197 accuratissime
1166 2125 1672 2196 demonstravit
1700 2123 2037 2219 Hauptius
2066 2125 2135 2194 in
2165 2126 2409 2195 Museo
2436 2125 2622 2196 Rhe-

254 2248 423 2299 nano
460 2250 521 2299 a.
562 2228 783 2301 4845.
819 2230 891 2299 ΙΙ.
926 2253 989 2323 p.
1025 2230 1196 2301 260.
1243 2228 1363 2320 qui
1410 2252 1624 2322 quum
1677 2242 1749 2300 et
1782 2250 2026 2300 versus
2069 2229 2238 2301 120.
2277 2228 2444 2300 121.
2476 2250 2617 2320 quo
2636 2255 2737 2315 με»

251 2331 395 2402 loco
431 2332 740 2426 ponendi
779 2343 1020 2403 essent
1055 2331 1478 2404 ostendisset
1513 2344 1584 2401 et
1620 2332 1751 2403 alia
1780 2343 1982 2403 acute
2008 2330 2481 2417 emendasset,
2511 2331 2617 2402 his

249 2443 470 2506 tamen
508 2437 907 2529 ambigebat
943 2437 1109 2529 quid
1149 2439 1412 2507 faceret
1446 2457 1628 2529 quae
1667 2461 1727 2506 v.
1768 2436 1933 2507 105.
1968 2436 2315 2527 leguntur.

443 2536 532 2611 οὗ
568 2539 835 2630 λέγεται
868 2540 1005 2610 τὰν
1039 2537 1330 2635 Κύπριν
1367 2540 1406 2610 ὁ
1442 2537 1777 2633 βωκόλος,
1821 2543 1982 2635 ἕρπε
2016 2539 2168 2609 ποτ’
2197 2537 2408 2627 Ἴδαν,

445 2646 611 2738 ἕρπε
646 2644 798 2715 ποτ’
819 2642 1173 2735 Άγχίσαν·
1216 2648 1412 2740 τηνεῖ
1446 2639 1677 2740 δρύες,
1722 2639 1851 2714 ὦδε
1884 2640 2238 2739 κύπειρος.

442 2747 708 2843 ὡραῖος
741 2746 1075 2835 χῶὃωνις,
1118 2746 1263 2819 ἐπεὶ
1300 2746 1418 2817 καὶ
1454 2748 1647 2838 μᾶλα
1682 2743 1991 2838 νομεύει,

441 2850 560 2921 καὶ
600 2850 879 2929 molinae
911 2845 1142 2943 βάλλει
1175 2851 1293 2920 καὶ
1328 2849 1557 2945 θηρία
1593 2847 1829 2920 πάντα
1867 2847 2122 2922 διώκει.

439 2949 649 3031 αὖτις
690 2953 878 3030 ὅπως
918 2954 1143 3045 στασῇ
1180 2951 1582 3048 Διομήδεος
1618 2948 1840 3023 ἆσσον
1878 2954 2098 3042 loica,

438 3057 559 3127 καὶ
596 3056 768 3146 λέγε,
799 3055 931 3126 τὸν
964 3052 1206 3147 βώταν
1241 3056 1409 3126 meti
1439 3051 1761 3148 Δάφνιν,
1796 3056 1965 3126 ἀλλὰ
1992 3058 2216 3147 μαχεῦ
2251 3081 2407 3147 μοι.

244 3158 462 3242 Quum
506 3161 693 3231 enim
733 3158 876 3230 duo
910 3179 1149 3230 versus
1180 3157 1578 3229 redundare
1610 3157 2034 3242 viderentur,
2065 3179 2244 3251 quos
2273 3158 2383 3228 illa
2415 3180 2623 3250 quam

241 3264 595 3336 constituit
630 3262 1072 3356 stropharum
1105 3261 1486 3355 descriptio
1521 3282 1663 3331 non
1702 3270 2015 3355 caperet,
2055 3261 2416 3355 ingeniose
2452 3283 2622 3332 sane

240 3364 591 3459 duplicem
643 3368 828 3437 viam
881 3366 1322 3451 monstravit,
1375 3384 1514 3457 qua
1563 3365 1706 3437 duo
1761 3386 2009 3437 versus
2061 3367 2273 3436 eximi
2310 3374 2617 3459 possent.

233 3469 397 3542 Mihi
435 3470 729 3564 quidem
766 3469 1019 3541 deesse
1054 3470 1285 3563 potius
1314 3469 1571 3541 veteris
1609 3469 1882 3540 scribae
1919 3490 2159 3541 errore
2195 3470 2621 3543 duoversus

235 3574 595 3660 videntur,
636 3583 714 3645 ut
750 3574 900 3644 aliis
930 3595 1210 3666 quoque
1240 3573 1410 3645 locis
1439 3572 1507 3643 in
1536 3573 1669 3644 hac
1697 3573 2177 3645 bucolicorum
2207 3572 2621 3644 collectione

232 3688 612 3768 peccatum
649 3686 776 3748 est.
862 3678 1037 3748 Nam
1082 3699 1296 3770 quum
1332 3677 1402 3746 hi
1439 3686 1689 3769 poetae
1728 3679 1875 3747 fere
1911 3677 2171 3770 ubique
2213 3677 2404 3770 paria
2441 3676 2625 3769 pari-

231 3779 359 3851 bus
398 3802 836 3875 componere
875 3790 1083 3875 atque
1131 3801 1537 3874 comparare
1582 3782 1885 3865 soleant,
1937 3780 2355 3873 requirimus
2401 3789 2511 3864 ut,
2566 3779 2625 3849 si

229 3882 551 3978 Daphnis
589 3884 868 3957 duobus
906 3884 1221 3957 distichis
1257 3885 1507 3955 Veneri
1546 3905 1856 3956 amorem
1882 3883 2236 3956 Anchisae
2264 3892 2335 3954 et
2359 3883 2627 3954 Adoni-

231 3984 359 4074 dis,
430 3988 561 4081 qui
613 3990 942 4060 mortales
995 3990 1298 4073 fuerant,
1351 3989 1763 4082 exprobrat,
1831 3987 2121 4059 totidem
2187 3987 2509 4058 versibus
2561 3989 2626 4058 ei

231 4093 443 4190 etiam
495 4113 675 4184 quas
728 4092 859 4163 diis
897 4092 1200 4163 libidinis
1238 4101 1308 4161 et
1350 4093 1673 4185 ignaviae
1709 4112 1973 4185 poenas
2011 4091 2287 4163 dederit
2323 4091 2392 4161 in
2431 4112 2629 4161 men-

233 4202 368 4263 tem
427 4205 745 4266 revocet.
832 4197 1097 4281 Quare,
1154 4195 1285 4265 nisi
1329 4196 1560 4280 fallor,
1614 4205 1689 4266 ut
1726 4218 1817 4266 ex
1853 4194 2066 4266 Iliade
2100 4196 2346 4267 vulnus
2382 4216 2425 4265 a
2462 4195 2627 4266 Dio-

232 4299 442 4369 mede
485 4310 852 4393 acceptum
891 4308 1262 4383 memorat,
1311 4300 1403 4368 ita
1441 4306 1601 4370 ante
1639 4299 1815 4370 haec
1852 4300 2072 4370 verba
2108 4298 2200 4369 ad
2236 4298 2626 4392 Odysseam

230 4403 626 4496 respiciens
676 4403 989 4487 dixerat,
1045 4401 1421 4486 recordare
1471 4404 1670 4488 retiS,
1727 4405 1797 4473 in
1839 4425 1980 4495 quo
2018 4412 2088 4473 te
2123 4403 2325 4473 Marti
2364 4424 2626 4473 concu-

230 4504 529 4577 bantem
564 4507 917 4578 Vulcanus
956 4507 1122 4577 risui
1157 4507 1453 4577 deorum
1493 4508 1837 4600 exposuit.
1922 4508 2215 4578 Tantum
2265 4508 2465 4577 abest
2501 4526 2626 4574 au-

233 4614 371 4678 tem
427 4619 514 4682 ut
563 4610 799 4682 addito
846 4609 1143 4682 disticho
1182 4611 1495 4682 turbetur
1544 4612 1719 4680 ratio
1757 4610 2232 4704 stropharum,
2287 4621 2362 4681 ut
2414 4607 2624 4677 etiam
