3328 5326
675 336 801 398 324
1609 336 2123 399 THEOCRITUS.

675 530 942 621 gissent
976 522 1021 624 ἦ
1057 527 1172 597 καὶ
1210 536 1282 597 et
1319 521 1360 623 ἦ
1396 533 1488 623 ῥα
1524 526 1666 598 καί.
1756 526 1930 598 Nam
1976 549 2145 599 vere
2194 529 2456 619 ubique
2504 527 2617 597 καὶ
2665 537 2821 620 post
2867 521 2910 622 ἦ
2946 528 3043 597 in-

677 634 918 716 fertur,
957 632 1079 701 ubi
1116 631 1323 701 etiam
1363 630 1654 702 alterum
1693 632 1987 703 verbum
2042 632 2132 702 de
2171 631 2421 702 eadem
2457 652 2758 724 persona
2791 630 3045 700 dictum

678 747 804 808 est.
869 735 985 804 Sin
1024 744 1329 805 mutatur
1364 755 1692 826 persona,
1732 737 2046 828 sequitur
2085 736 2162 805 δέ
2193 745 2272 806 ut
2313 733 2505 805 Iliad.
2538 735 2645 804 VI.
2681 736 2848 804 390.
2881 732 3042 801 XlV.

682 837 853 910 475.
886 837 1122 908 XXIV.
1159 836 1329 910 642.
1377 847 1751 930 potestque
1801 839 1873 910 id
1925 837 2074 909 fieri
2128 840 2339 909 etiam
2390 859 2531 909 non
2585 847 2851 909 mutata
2901 857 3054 929 per-

676 963 872 1028 sona,
912 943 972 1013 si
1008 941 1140 1011 alia
1179 941 1448 1012 ratione
1487 939 1560 1011 fit
1597 944 1969 1035 oppositio,
2013 954 2085 1015 ut
2120 944 2363 1026 semel,
2398 944 2670 1036 opinor,
2701 940 2893 1034 apud
2920 940 3055 1010 Ho-

678 1067 972 1130 merum,
1012 1043 1203 1115 Iliad.
1235 1044 1439 1115 XXII.
1479 1045 1596 1116 ¹7¹7.

828 1144 873 1245 ἦ
912 1149 978 1245 ρ”
1019 1149 1058 1218 ὁ
1093 1148 1339 1243 γέρων,
1382 1146 1628 1225 πολιὰς
1669 1148 1731 1217 δ’
1773 1147 1877 1244 ἄρ’
1921 1148 2056 1219 ἀνὰ
2092 1148 2340 1243 τρίχας
2369 1152 2598 1221 ἕλκετο
2634 1144 2899 1242 χερσίν.

880 1252 958 1322 V.
1005 1254 1126 1322 85.
1184 1250 1365 1322 Ante
1420 1250 1608 1322 hunc
1658 1272 1942 1322 versum
1988 1251 2150 1323 edd.
2209 1254 2536 1345 antiquae
2596 1251 2873 1322 titulum
2938 1249 3054 1319 ha-

672 1355 845 1427 bent
876 1352 1325 1451 ἑπιπῶλησις,
1368 1355 1573 1425 sicuti
1609 1354 1680 1423 in
1717 1356 2057 1449 principio
2086 1357 2411 1427 carminis
2435 1352 2753 1445 Αὐγείου
2781 1352 3049 1448 κλῆρος.

674 1460 1126 1529 Recentiores
1180 1458 1488 1529 editores
1541 1458 1720 1527 hanc
1773 1470 2043 1552 partem
2091 1461 2415 1530 carminis
2453 1458 2666 1552 priori
2703 1459 2801 1528 ita
2839 1456 3054 1526 conti·

671 1572 999 1645 nuarunt‚
1040 1583 1122 1633 ac
1156 1563 1216 1632 si
1251 1562 1422 1633 nihil
1459 1561 1762 1632 deesset.
1820 1562 1911 1635 At
1947 1563 2018 1634 id
2055 1585 2193 1634 non
2233 1572 2342 1634 est
2376 1564 2526 1651 veri
2555 1562 2799 1633 simile.
2863 1558 3057 1651 Agri-

675 1667 829 1738 cola
867 1666 1239 1736 Herculem
1288 1665 1379 1738 ad
1429 1686 1669 1736 casam
1705 1687 1905 1737 suam
1951 1667 2281 1738 deduxit:
2337 1665 2431 1737 ibi
2483 1687 2607 1736 eos
2660 1684 2903 1756 regem
2956 1665 3053 1734 in-

672 1780 1008 1842 venturos
1061 1767 1332 1840 dixerat
1363 1792 1431 1839 v.
1485 1771 1564 1840 64
1588 1824 1603 1839 .
1689 1769 1891 1840 Nunc
1927 1792 1996 1841 v.
2044 1775 2187 1843 408
2229 1793 2384 1863 sqq.
2430 1770 2803 1840 Herculem
2858 1764 3053 1837 simul

673 1895 836 1945 cum
872 1872 1100 1965 Augia
1150 1883 1221 1943 et
1271 1872 1530 1966 Phyleo
1581 1883 1894 1944 armenta
1946 1885 2381 1967 spectantem
2430 1873 2794 1958 videmus,
2848 1890 3056 1964 quum

673 1987 911 2048 tamen
949 1998 1090 2047 non
1129 1977 1218 2047 sit
1251 1987 1627 2061 narratum,
1671 1998 1814 2069 quo
1850 1978 2064 2049 modo
2102 1979 2540 2072 pervenisset
2576 1976 2667 2048 ad
2705 1976 2861 2046 illos
2890 1974 3056 2043 Her-

674 2082 900 2164 culeS,
954 2101 1094 2173 quo
1148 2081 1360 2152 modo
1410 2101 1568 2152 sese
1605 2081 2062 2166 salutassent,
2101 2104 2241 2175 quo
2280 2080 2495 2152 modo
2533 2102 2661 2150 rex
2697 2081 3058 2173 invitasset

674 2184 1060 2278 hospitem,
1114 2194 1193 2254 ut
1247 2206 1489 2256 secum
1542 2205 1796 2276 greges
1862 2186 2469 2278 contemplaretur.
2566 2185 2809 2274 ltaque
2862 2182 3054 2264 haec,

478 2306 652 2370 pan
673 2310 856 2381 quae
892 2289 1293 2359 necessario
1332 2288 1946 2359 commemoranda
1985 2290 2282 2372 fuerant,
2323 2299 2443 2359 aut
2479 2288 2736 2358 omissa
2773 2295 2943 2360 sunt
2976 2283 3056 2353 ab

673 2413 788 2478 e0,
826 2393 946 2483 qui
984 2392 1109 2460 has
1147 2393 1473 2462 carminis
1512 2403 1746 2483 partes
1783 2395 2173 2485 exscripsit,
2218 2403 2335 2464 aut
2371 2414 2513 2462 non
2550 2392 2808 2484 scripta
2849 2391 2987 2460 sint
3019 2408 3053 2456 a

671 2504 882 2589 poeta
919 2515 1213 2566 necesse
1253 2505 1380 2580 est,
1421 2497 1478 2566 si
1508 2495 1644 2578 ille,
1685 2506 1762 2565 ut
1785 2496 1983 2567 initio
2013 2496 2339 2567 dicebam
2368 2517 2479 2566 me
2510 2495 2878 2587 suspicari,
2910 2502 3055 2562 tan-

671 2598 1035 2670 tummodo
1071 2598 1201 2669 has
1237 2609 1471 2692 partes
1509 2598 1835 2670 carminis
1870 2599 2279 2686 elaboravit,
2317 2599 2666 2695 sepositiS,
2704 2618 2894 2691 quae
2930 2596 3057 2668 alio

670 2713 988 2795 tempore
1024 2703 1291 2774 addere
1327 2705 1397 2774 in
1435 2704 1667 2774 animo
1708 2703 2018 2774 haberet.

880 2807 958 2877 V.
994 2809 1115 2877 90.
1150 2828 1283 2877 nec
1322 2806 1512 2900 quod
1550 2808 1620 2877 in
1659 2807 1930 2879 Iuntina
1969 2817 2041 2878 et
2077 2809 2297 2879 tribus
2335 2806 2545 2878 codd.-
2579 2814 2686 2875 est
2725 2804 2916 2875 ἄσσα
2951 2803 3056 2872 hic

674 2920 858 2981 stare
896 2919 1148 3003 potest,
1188 2931 1417 3003 neque
1457 2911 1663 2983 ὅσσα.
1751 2911 1928 2982 Nam
1979 2911 2094 2982 hic
2144 2913 2368 3004 primo
2414 2912 2610 3003 ipsae
2658 2908 2888 2981 nubes
2939 2908 3058 2979 de-

673 3015 1108 3087 scribuntur:
1178 3014 1546 3087 multitudo
1614 3032 1854 3086 earum
1908 3015 2191 3087 demum
2245 3037 2310 3085 v.
2355 3015 2475 3086 92.
2519 3012 2910 3097 indicatur,
2973 3010 3057 3082 ad

671 3141 883 3212 quam
922 3120 1220 3192 refertur
1253 3116 1437 3190 τόσα
1470 3141 1537 3189 v.
1574 3121 1694 3189 93.
1729 3129 1801 3190 et
1837 3122 1957 3190 95.
2044 3120 2412 3189 Praeterea
2458 3116 2792 3188 admonet
2830 3115 2924 3187 de
2961 3116 3057 3185 vi-

672 3224 769 3293 tio
818 3225 1195 3294 asteriscus
1250 3224 1317 3293 in
1372 3222 1482 3293 ed.
1536 3221 1854 3315 Calliergi
1917 3222 2077 3294 huic
2127 3222 2360 3292 versui
2414 3218 2791 3315 praefixus.
2883 3218 3057 3289 Scri-

670 3325 1018 3396 bendum:

830 3425 950 3498 οἶά
987 3428 1042 3497 τ’
1082 3431 1158 3498 ἐν
1196 3427 1476 3522 οὐρανῷ
1513 3424 1693 3498 εἶσιν
1729 3424 2163 3518 ἐλαυνόμενα
2198 3428 2624 3523 προτέρωσε.

881 3530 959 3603 V.
998 3532 1166 3600 400.
1200 3532 1440 3601 nescio
1478 3530 1596 3622 qui
1636 3533 1898 3603 factum
1934 3532 2024 3601 sit
2060 3541 2134 3603 ut
2163 3530 2616 3624 Kiesslingius
2644 3526 3056 3624 ἀπειρεσίων

672 3661 800 3731 περ
837 3631 1103 3707 ἐόντων
1140 3632 1230 3703 de
1268 3632 1500 3704 bubus
1538 3634 2066 3726 intelligendum
2120 3636 2501 3757 putaverit,
2549 3631 2739 3727 quod
2777 3634 2896 3705 vel
2936 3629 3052 3724 πέρ

671 3738 1010 3834 particula
1046 3739 1324 3809 refutat.

882 3841 956 3912 V.
996 3844 1167 3962 103.
1201 3862 1340 3912 non
1379 3840 1811 3933 interpunxit
1847 3841 2287 3913 Meinekius
2270 3865 2339 3913 1n
2382 3840 2490 3911 his
2525 3840 2802 3925 verhiS,
2856 3840 3052 3910 καλο-

672 3947 877 4016 mmm
935 3940 1269 4040 ἀραρισκε
1320 3942 1781 4041 παρασταδὸν
1831 3945 2027 4035 ἐγγὺς
2078 3947 2396 4037 ἀμέλγειν
2417 3994 2441 4033 ,
2505 3956 2580 4016 ut
2629 3944 2924 4015 liberum
2974 3940 3057 4009 sit

674 4048 1106 4139 legentibuS,
1159 4060 1389 4120 utrum
1444 4047 1904 4142 παρασταδὸν
1964 4049 2052 4119 ad
2103 4048 2600 4142 praecedentia
2654 4069 2745 4119 an
2802 4047 2895 4116 ad
2947 4064 3054 4115 se-

674 4153 958 4243 quentia
1012 4153 1274 4222 referre
1326 4149 1568 4223 velint.
1653 4150 1817 4220 Mihi
1869 4152 2185 4244 quidem,
2234 4151 2566 4246 quoniam
2602 4146 3048 4245 περισταδὸν,

675 4255 922 4348 quod
905 4277 973 4323 in
1011 4264 1341 4346 quattuor
1378 4254 1742 4325 codicibus
1780 4266 1924 4339 est,
1964 4278 2105 4327 non
2141 4266 2310 4350 puto
2349 4255 2632 4327 defendi
2673 4274 2913 4349 posse,
2950 4251 3049 4318 in-

676 4356 1238 4485 terpungendum
1277 4368 1434 4451 post
1471 4356 1806 4474 ἀράρισκε
1841 4359 2144 4444 videtur,
2193 4381 2334 4453 quo
2379 4360 2891 4452 coniungantur
2924 4380 3046 4423 πα-

674 4459 1031 4559 ρασταὸόν
1067 4458 1291 4550 ἐγγύς.
1352 4463 1529 4533 Nam
1567 4462 1698 4532 etsi
1736 4461 2122 4557 Hesychius
2160 4460 2622 4559 παρασταὸὸν
2660 4483 2786 4555 per
2820 4464 2889 4532 ἐκ
2921 4452 3047 4526 τοῦ

677 4562 1006 4658 σύνεγγυς
1060 4564 1590 4659 interpretatur,
1644 4575 1881 4637 tamen
1926 4576 2118 4638 recte
2157 4565 2247 4638 ad
2283 4564 2746 4663 παρασταδὸν
2781 4563 2893 4635 hic
2930 4558 3048 4631 ad-
