3328 5326
565 400 687 461 498
1509 400 1977 464 somma

560 593 816 664 usitata
850 593 1340 665 assimilatione
1365 591 1629 664 dictum
1655 592 1931 664 videtur
1958 614 2083 686 pro
2110 590 2200 663 τὰ
2237 595 2312 663 ἐν
2345 591 2434 685 τῇ
2470 592 2596 687 νηῒ
2620 595 2691 662 ἐκ
2726 586 2952 678 νεῶς,

557 697 848 781 malum,
884 696 1074 782 vela,
1122 697 1191 766 in
1241 697 1405 767 navi
1454 698 1762 791 reposita
1806 706 2119 767 ereetum
2160 705 2370 787 atque
2404 696 2474 766 in
2513 694 2725 764 altum
2764 693 2951 764 sub-

558 799 827 870 latum
809 800 890 869 iri
927 798 1343 893 significans.

762 902 836 971 In
874 906 1328 975 vexatissimo
1381 902 1574 987 loco,
1627 904 1748 994 qui
1796 914 1903 973 est
1936 924 2002 973 v.
2042 903 2289 985 ⁴092„
2337 903 2411 972 in
2445 921 2582 993 quo
2618 921 2761 970 non
2796 898 2951 971 du-

554 1005 747 1076 bium
783 1014 892 1076 est
925 1006 1017 1078 de
1054 1008 1299 1079 avibus
1336 1026 1731 1077 sermonem
1757 1027 1940 1090 esse,
1970 1006 2315 1078 adiectivo
2343 1000 2693 1081 πτωκάὸες
2724 1025 2945 1075 suum

556 1108 758 1180 deest
791 1111 1326 1195 substantivum,
1364 1108 1482 1181 illa
1518 1119 1776 1196 autem,
1812 1110 1945 1181 εὶθῖ
1986 1110 2278 1204 αἰθέρος
2308 1106 2488 1197 ἅνω,
2526 1117 2752 1177 metro
2789 1128 2947 1177 non

396 1236 451 1290 p.
470 1227 534 1275 ⁴³
555 1214 998 1285 conveniunt.
1074 1213 1363 1285 Videtur
1399 1215 1691 1307 αἰθέρος
1725 1235 1819 1285 ex
1852 1213 2308 1307 interpretum
2348 1210 2952 1305 explicationibus

556 1337 713 1387 esse
748 1317 1027 1389 illatum.
1107 1307 1547 1410 Quapropter
1582 1317 2032 1388 scribendum
2067 1316 2392 1387 coniicio:

860 1420 972 1492 ὅθ’
1014 1417 1234 1491 αὗταί
1261 1421 1315 1510 γ’
1351 1419 1499 1490 ἄνω

861 1519 1214 1600 πτωκάὸες
1251 1520 1590 1605 ὀξυτόνου
1629 1522 1747 1594 διὰ
1781 1520 2178 1614 πνεύματος

857 1626 1074 1697 5215&-
1117 1625 1205 1696 ἔτ’
1248 1627 1332 1696 οὐ
1365 1651 1497 1720 νωρ
1538 1629 1733 1714 ι’σχω.

755 1729 966 1862 Miser
1003 1750 1180 1814 sum,
1218 1728 1441 1821 inquit
1474 1728 1892 1800 Philoctetes
1927 1752 1997 1799 v.
2036 1729 2259 1798 1103.

2198 1831 2276 1908 ὃς
2310 1831 2387 1927 ἤ-

856 1936 939 2031 δη
972 1937 1116 2027 μετ’
1157 1933 1462 2012 οὐδενὸς
1475 1934 1773 2031 ὕστερον

855 2039 1131 2134 ἀνδρῶν
1166 2037 1492 2117 εἰςοπίσω
1525 2036 1743 2116 τάλας

855 2139 1073 2212 ναίων
1114 2137 1356 2214 ἐνθάδ’
1398 2140 1725 2233 ὀλοῦμαι.

544 2242 637 2314 At
671 2265 901 2338 neque
936 2245 1235 2340 ὕστερον
1272 2245 1361 2315 ab
1398 2245 1722 2322 εἰςοπίσω
1759 2244 2138 2336 quidquam
2174 2242 2441 2328 differt,
2498 2253 2571 2313 et
2611 2243 2937 2315 ultimam

545 2348 617 2417 in
655 2348 951 2442 ὕστερον
990 2349 1361 2441 oportebat
1408 2349 1686 2440 longam
1722 2368 1904 2418 esse.
2004 2348 2441 2440 Quapropter
2476 2346 2939 2418 scribendum

543 2449 885 2546 ὑστερῶν.
996 2451 1265 2522 Eadem
1323 2450 1526 2520 metri
1588 2453 1766 2521 ratio
1829 2451 2298 2543 suspicionem
2362 2451 2525 2521 facit
2574 2473 2640 2520 v.
2698 2452 2933 2523 1125.

547 2554 908 2646 antiquum
944 2553 1263 2625 ordinem
1297 2574 1631 2624 versuum
1666 2553 1854 2625 hunc
1893 2555 2137 2626 fuisse:
2590 2587 2596 2592 ·

851 2656 1011 2750 γελᾷ
1044 2684 1224 2749 μου,
1257 2656 1409 2753 χερὶ
1443 2653 1721 2728 πάλλων

851 2759 984 2830 τὰν
1022 2760 1249 2839 οὐδείς
1281 2761 1434 2832 παῖ’
1474 2757 1887 2853 ἐβάστασεν,

852 2862 984 2933 τὰν
1021 2862 1200 2956 ἐμὰν
1233 2865 1481 2955 μελεόυ
1518 2859 1829 2959 τρυφάν.

544 2965 868 3037 Ceterum
917 2989 1064 3038 non
1113 2969 1537 3061 praeferam,
1589 2966 1784 3060 qnod
1818 2967 2283 3061 Wesselingio
2331 2969 2401 3038 in
2448 2967 2763 3038 Ohss.11.
2805 2970 2939 3042 17.

540 3069 890 3164 placebat,
927 3068 1234 3166 τροφόν.

746 3173 824 3243 V.
886 3176 1107 3247 1132.
1173 3177 1311 3246 iam
1379 3174 1775 3246 Erfurdtius
1851 3176 1920 3245 in
1984 3173 2094 3245 ed.
2171 3174 2433 3245 maiore
2511 3186 2939 3307 reposuerat

543 3275 886 3371 ἄρθμιον.

750 3377 827 3447 V.
874 3381 1093 3449 1138.
1136 3381 1445 3451 scribere
1483 3380 1866 3451 debebam.

850 3479 1042 3574 μυρί’
1081 3482 1191 3550 ἀπ
1232 3482 1541 3578 αἰσχρῶν
1578 3483 2054 3571 ἀνατελλυνθ’,
2098 3483 2198 3554 ὅσ’
2237 3484 2338 3576 ἐφ’
2376 3484 2454 3581 ῆ-

851 3586 979 3673 μῖν
1015 3579 1153 3653 κάκ’
1192 3579 1510 3679 ἐμνήσατο
1545 3581 1755 3660 Ζεύς.

747 3682 825 3753 V.
874 3682 1094 3754 ⁴444.
1137 3697 1332 3758 recte
1366 3685 1709 3778 Georgius
1746 3686 2187 3759 Thudichum
2219 3688 2427 3759 τῶνδ’
2468 3690 2927 3786 ἐφημοσύνᾳ.

750 3786 960 3871 Quod
992 3811 1059 3857 v.
1098 3788 1320 3859 ⁴⁴49.
1352 3789 1686 3882 scriptum
1723 3801 1853 3875 est,

855 3891 1041 3984 φυγᾷ
1074 3892 1146 3983 μ’
1186 3893 1401 3963 οὐκέτ’
1443 3893 1553 3963 ἀπ’
1596 3892 1856 3964 αὐλέων

853 3995 1111 4065 πελᾶτ’·
1155 3996 1241 4065 οὐ
1275 3994 1416 4090 γὰρ
1445 3994 1582 4084 ἔχω
1611 4001 1849 4091 χεροῖν

851 4121 983 4166 ταν
1016 4093 1337 4194 πρόσθεν
1369 4098 1619 4190 βελέων
1656 4095 1957 4191 ἀκμάν,

554 4192 680 4289 (sio
720 4196 904 4266 enim
938 4221 1124 4271 nune
1161 4200 1609 4272 scribendum
1637 4201 1920 4297 censeo)
1950 4202 2026 4273 G.
2048 4202 2457 4297 Bernhardy
2483 4208 2933 4280 commodius

545 4317 752 4390 quam
780 4299 893 4370 alii
930 4300 1452 4397 interpretatur:
1491 4326 1626 4374 uon
1660 4305 1947 4400 amphus
1979 4304 2309 4399 suqienteo
2342 4304 2457 4377 ab
2462 4317 2653 4379 amtro
2691 4309 2784 4380 ad
2819 4333 2935 4383 me

544 4399 895 4488 accedetis,
948 4408 1330 4479 accusativi
1380 4428 1542 4478 eum
1590 4404 1908 4499 πελάζειν
1959 4409 2175 4479 iuneti
2234 4413 2555 4505 exempla
2615 4412 2927 4487 affierens

542 4503 715 4575 Oed.
752 4502 892 4576 Col.
933 4510 1150 4580 1060.
1182 4510 1424 4603 Eurip.
1451 4506 1785 4584 Androm.
1826 4511 2046 4583 1167.

746 4607 827 4679 V.
875 4610 1095 4682 1163.
1135 4610 1440 4707 Antiqua
1489 4636 1670 4706 quae
1723 4616 1888 4688 huie
1943 4616 2109 4687 loeo
2143 4614 2508 4687 inhaerent
2538 4618 2703 4690 vitia
2740 4643 2933 4713 quo-
