3328 5326
707 310 726 366 ι
750 309 821 368 12
1688 283 2087 370 PINDAR'US.

695 497 828 594 γάρ
880 527 951 568 τι
999 497 1323 589 ποταμὸς
1367 499 1620 576 Ὀποῦς
1686 498 1802 570 καὶ
1855 498 2026 582 ‚mo
2088 495 2265 594 ἀνὴρ
2322 499 2393 579 ἐξ
2450 494 2796 568 Ἰαπετοῦ.
2888 494 3058 572 Dein

698 612 932 676 narrat
958 623 1096 694 quo
1119 602 1329 675 modo
1346 602 1628 695 quidam
1645 602 1822 672 haec
1846 600 2175 672 solvendo
2189 599 2607 698 putaverint,
2638 598 3058 691 ineptissime

699 705 1000 797 quidem.
1094 704 1322 776 Verba
1363 705 1637 778 Pindari
1675 704 1850 778 haee
1888 715 2048 778 sunt
2087 727 2147 774 v.
2197 702 2311 774 44.

1523 811 1765 904 φέροις
1802 807 1875 879 δὲ
1909 803 2440 903 Πρωτογενείας

855 911 1052 982 ἄστει
1086 911 1428 1001 γλῶσσαν,
1476 913 1555 982 ἵν’
1597 909 2069 1007 αἰολοβρόντα
2108 909 2289 988 Διὸς
2327 912 2495 1000 αἴσᾳ

853 1013 1115 1111 Πύρρα
1149 1012 1559 1088 Δευκαλίων
1595 1042 1670 1085 τε
1711 1012 2153 1109 Παρνασσοῦ
2188 1008 2580 1105 καταβάντε

855 1114 1078 1209 δόμον
1115 1116 1363 1190 ἔθεντο
1402 1117 1713 1214 πρῶτον,
1759 1117 1924 1212 ἄτερ
1962 1118 2018 1186 τ’
2059 1116 2266 1192 εὐνᾶς
2303 1112 2674 1208 ὁμόδαμον

853 1217 1271 1315 κτησάσθαν
1307 1219 1586 1292 λίθινον
1619 1217 1861 1310 γόνον,
1903 1219 2063 1291 λαοὶ
2099 1219 2160 1289 δ’
2203 1215 2634 1308 ὀνόμασθεν.

855 1322 1046 1417 ε”γειρ
1087 1326 1303 1395 ε’πέων
1343 1350 1510 1418 σφιν
1548 1319 1760 1414 οἶμον
1795 1320 2018 1413 λιγύν,

853 1431 1035 1497 αι’νει
1071 1427 1144 1496 δεῖ
1177 1425 1481 1500 παλαιὸν
1516 1426 1647 1517 μὲν
1686 1421 1908 1507 οἶνον,
1950 1425 2180 1498 ἄνθεα
2217 1424 2278 1493 δ’
2318 1403 2560 1515 ὕμνων

854 1529 1231 1624 νεωτέρων.
1304 1530 1577 1621 λέγοντι
1611 1527 1758 1620 μάν

852 1591 1090 1722 χθόνά
1123 1630 1254 1722 μὲν
1291 1629 1719 1703 κατακλύσαι
1754 1632 2092 1723 μέλαιναν

858 1736 1115 1812 ὕδατος
1154 1736 1428 1820 σθένος,
1469 1734 1638 1805 ἀλλὰ

856 1838 1087 1935 Ζηνὸς
1119 1837 1393 1927 τέχναις
1432 1836 1793 1909 ἀνάπωτιν
1825 1835 2160 1929 ἐξαίφνας

854 1942 1110 2012 ἄντλον
1146 1946 1346 2012 ἑλεῖν.
1410 1940 1653 2011 κείνων
1692 1941 1752 2011 δ’
1794 1940 2004 2011 ἔσσαν

850 2043 1304 2134 χαλκάσπιδες
1342 2044 1673 2139 ὑμέτεροι
1707 2041 2044 2138 πρόγονοι

852 2148 1167 2243 ἀρχᾶθεν
1198 2147 1697 2225 Ἰαπετιονίδος
1736 2145 2002 2239 φύτλας

852 2250 1097 2344 κοῦροι
1131 2250 1350 2344 κορᾶν
1387 2277 1462 2320 τε
1502 2248 1877 2345 φερτάτων
1915 2249 2305 2343 Κρονιδᾶν,

851 2351 1170 2448 ε’γχεόριοι
1205 2353 1530 2448 βασιλῆες
1568 2352 1735 2423 αιεί.

851 2455 1018 2551 πρὶν
1050 2452 1448 2578 ὈλύμπιοςΝ
1465 2452 1743 2545 ἁγεμὼν

852 2555 1146 2653 θύγατρ’
1189 2556 1326 2627 ἀπὸ
1362 2556 1487 2647 γᾶς
1517 2556 1829 2630 Επειῶν
1859 2556 2243 2635 Ὀποῦντος
2280 2539 2691 2652 ἀναρπάσας
2726 2562 2972 2638 ἕκαλος

852 2660 1078 2757 μίχθη
1118 2659 1645 2733 Μαιναλίαισιν
1682 2665 1758 2731 ἐν
1785 2661 2046 2755 δειραῖς
2081 2659 2198 2732 καὶ
2235 2659 2486 2732 ἔνεικεν

850 2765 1142 2860 Λοκρῷ,
1184 2763 1283 2862 μὴ
1323 2766 1611 2836 καθέλοι
1645 2790 1759 2833 νιν
1796 2763 1970 2835 αἰών
2006 2762 2286 2857 πότμον
2333 2761 2645 2857 ἐφάψαις

854 2866 1174 2963 ὀρφανὸν
1209 2868 1472 2959 γενεᾶς.
1550 2867 1701 2956 ἔχεν
1738 2866 1810 2937 δὲ
1848 2868 2122 2962 σπέρμα
2155 2869 2490 2958 μέγιστον

852 2972 1126 3061 ἄλοχος,
1169 2968 1538 3067 εὐφράνθη
1579 2997 1651 3040 τε
1695 2969 1862 3040 ἰδών
1898 2969 2083 3067 ἥρως
2116 2970 2336 3041 θετὸν
2371 2967 2560 3058 υἱόν,

848 3073 1180 3171 μάτρωος
1215 3076 1275 3145 δ’
1314 3070 1638 3146 ἐκάλεσσέ
1667 3099 1778 3144 νιν
1815 3070 2171 3165 ἰσώνυμον
2208 3072 2452 3165 ἔμμεν,

854 3177 1261 3273 ὑπέρφατον
1298 3177 1521 3271 ἄνδρα
1555 3176 1804 3271 μορφᾷ
1841 3203 1916 3245 τε
1954 3175 2071 3247 καὶ

849 3281 1139 3376 ἔργοισι,
1182 3279 1384 3352 πόλιν
1421 3281 1482 3349 δ’
1526 3279 1803 3350 ὤπασεν
1838 3275 2010 3349 λαόν
2046 3304 2119 3347 τε
2160 3280 2463 3349 διαιτᾶν.

902 3385 1012 3454 Sic
1049 3384 1225 3454 haee
1263 3384 1332 3452 in
1369 3382 1563 3452 libris
1602 3382 1859 3474 scripta
1889 3391 2049 3452 sunt
2085 3393 2155 3451 et
2188 3381 2646 3476 interpuneta.
2725 3382 3069 3477 Apertum

693 3500 801 3559 est
838 3486 1074 3557 dicere
1103 3497 1378 3580 poetam
1408 3486 1692 3556 laudare
1730 3507 1806 3554 se
1836 3485 2014 3555 velle
2041 3507 2228 3555 novo
2256 3484 2559 3576 quodam
2589 3486 2799 3557 modo
2838 3488 3072 3560 diver-

692 3613 910 3685 soque
949 3614 990 3662 a
1041 3591 1309 3682 vulgari
1348 3593 1527 3659 fama
1576 3588 1820 3659 urbem
1859 3587 2226 3680 Opuntem,
2265 3588 2335 3657 in
2386 3611 2593 3681 quem
2642 3592 2873 3661 locum
2914 3605 3072 3687 post

690 3696 1018 3767 diluvium
1057 3703 1348 3786 nepotes
1385 3692 1600 3786 Iapeti
1626 3691 1960 3769 Deucalio
1998 3702 2068 3760 et
2097 3691 2355 3784 Pyrrha
2390 3715 2484 3763 ex
2516 3693 2860 3765 Parnasso
2904 3697 3071 3768 des-

691 3799 1075 3881 cenderint,
1115 3797 1414 3890 iactiqu'e
1455 3794 1649 3865 abiis
1689 3793 1955 3887 lapides
2006 3794 2247 3865 mutati
2283 3795 2418 3865 sint
2466 3796 2537 3866 in
2575 3797 2937 3885 homines3
2983 3800 3071 3871 ab

691 3902 795 3972 his
847 3900 1241 3972 hominibus
1293 3897 1624 3971 oriundos
1675 3896 2126 3989 Opuntiorum
2179 3897 2477 3969 maiores
2522 3922 2894 3993 regnasse,
2952 3902 3071 3998 qui

693 4003 808 4073 filii
871 4005 1123 4075 fuerint
1185 4003 1416 4096 stirpis
1482 4000 1905 4092 Iapetioniae
1982 4010 2052 4070 et
2123 4000 2416 4072 filiarum
2480 4003 3072 4078 nobilissimorum

693 4107 1184 4178 Saturniorum.
1251 4107 1342 4175 At
1369 4104 1534 4176 nulli
1564 4103 1633 4170 in
1660 4101 1770 4172 his
1799 4113 1957 4173 sunt
1979 4105 2293 4177 Saturnii.
2350 4105 2663 4199 Augetur
2690 4107 3069 4181 difficultas

692 4210 773 4280 iis
811 4231 990 4301 quae
1021 4220 1424 4300 sequuntur.
1503 4205 1750 4273 Narrat
1778 4207 1961 4277 enim
1998 4218 2204 4303 poeta
2242 4208 2467 4279 Iovem
2495 4210 2850 4304 Epeorum
2880 4213 3070 4307 regis

689 4312 980 4408 Opuntis
1032 4310 1248 4381 filiam
1301 4309 1645 4403 rapuisse,
1701 4329 2051 4403 quumque
2103 4333 2259 4383 eam
2325 4312 2393 4381 in
2421 4324 2427 4330 *
2459 4322 2695 4385 monte
2742 4316 3068 4389 Maenalo

687 4415 1051 4511 gravidam
1091 4414 1393 4497 fecisset,
1435 4410 1805 4482 tradidisse
1833 4413 2051 4486 Locro
2089 4414 2324 4485 liberis
2360 4417 2644 4501 carenti,
2677 4440 2818 4510 quo
2856 4441 2953 4490 ex
2991 4442 3070 4490 se

690 4522 783 4591 illi
812 4520 990 4592 filius
1019 4525 1462 4600 nasceretur3
1496 4516 1562 4585 ei
1581 4513 1913 4606 adoptato
1934 4519 2226 4590 Locrum
2255 4538 2293 4587 a
2320 4530 2516 4612 patre
2545 4522 2781 4595 matris
2807 4545 3071 4595 nomen
