3328 5326
713 335 831 398 194
1019 322 1027 331 ’
1664 334 2143 398 soruoctns..

820 527 1033 598 (bl-21.
1089 521 1305 613 οἶσθ’,
1349 521 1402 595 ὦ
1448 527 1717 596 τέκνον.
1774 529 1946 596 ΑΕ.
1993 524 2068 596 τί
2107 527 2171 594 δ’
2224 524 2451 617 {Toum
2513 524 2722 595 ΦΙΔ.
2766 519 2980 610 οἶσθ’,
3020 517 3071 596 ὦ

813 635 965 698 παῖ.
1029 632 1202 699 NE.
1252 628 1327 698 τί
1361 655 1477 699 σοι
1493 657 1518 721 3
1575 630 1789 700 ΦΙΛ.
1825 629 1951 697 οὐκ
1986 624 2171 700 οἶδα.
2233 631 2405 700 NE.
2455 627 2601 703 πῶς
2645 629 2771 698 οὐκ
2817 620 3067 719 οἶσθας

811 757 1474 802 παππαπαππαπαι.

709 837 971 908 Vereor
1022 856 1113 903 ne
1164 857 1305 906 non
1360 844 1549 905 recte
1603 836 1729 905 οὐκ
1780 830 1937 906 οἶδα
1974 834 2464 927 Neoptolemo,
2513 833 2657 910 πῶς
2701 833 2826 902 οὐκ
2861 827 3076 902 οἶσθα

711 950 945 1011 autem
981 937 1405 1024 Philoctetae
1444 939 1823 1009 tribuerim.
1910 939 2105 1022 Quae
2143 937 2484 1007 dictorum
2523 934 2919 1006 distributio
2956 933 3080 1006 etsi

708 1044 892 1113 bene
921 1064 1079 1113 cum
1107 1042 1535 1135 praegressis
1563 1043 1941 1134 conspirat,
1981 1052 2210 1112 tamen
2238 1041 2477 1112 nescio
2506 1061 2594 1109 an
2622 1040 2841 1112 altera
2867 1040 3079 1109 multo

711 1146 1302 1217 accommodatior
1354 1148 1447 1217 sit
1494 1145 1994 1238 exprimendae
2036 1144 2297 1216 doloris
2339 1142 2842 1220 vehementiae.
2933 1142 3080 1225 Quo

711 1252 1017 1321 acriores
1070 1261 1231 1320 sunt
1281 1250 1593 1333 doloreS,
1632 1272 1913 1341 quoque
1951 1247 2301 1322 difficilius
2337 1247 2725 1339 reprimitur
2762 1246 3078 1329 eiulatuS‚

712 1376 798 1423 eo
851 1353 1205 1446 parciores
1241 1354 1617 1424 verborum
1660 1363 1824 1423 sunt
1869 1354 1986 1444 qui
2024 1352 2383 1424 doloribus
2417 1351 2843 1435 cruciantur,
2882 1369 3082 1441 prae-

554 1488 606 1540 p.
627 1478 690 1525 η
710 1458 947 1527 sertim
975 1456 1410 1527 dissimulare
1439 1456 1822 1549 cupientes.
1872 1457 1973 1527 Ita
2001 1456 2416 1526 Philoctetes
2446 1453 2823 1524 formidans
2851 1453 3082 1544 eloqui

709 1560 896 1653 quod
935 1582 1048 1631 res
1087 1570 1216 1643 est,
1255 1561 1476 1653 primo
1514 1562 1718 1630 iterat
1755 1556 2004 1648 οἶσθα,
2047 1581 2184 1652 quo
2214 1557 2727 1630 coniiciendum
2762 1556 3084 1648 relinquit

708 1664 1164 1756 Neoptolemo
1193 1664 1287 1747 id,
1308 1662 1510 1755 *quod
1536 1664 1795 1755 profari
1821 1673 2123 1736 veretur.
2182 1661 2496 1756 Amplius
2526 1671 2758 1732 autem
2786 1661 3085 1730 instante

708 1769 847 1851 illo,
888 1767 1229 1859 simulque
1268 1776 1820 1860 aggravescente
1856 1768 1927 1838 vi
1964 1767 2259 1851 doloris,
2298 1767 2420 1836 vix
2463 1766 2571 1838 sui
2608 1785 2922 1858 compoS,
2965 1785 3084 1833 ne-

709 1873 889 1942 scire
941 1893 1018 1941 se
1066 1873 1191 1955 ait,
1241 1893 1380 1962 quo
1433 1871 1638 1963 plane
1693 1869 2168 1961 respondendi
2218 1870 2708 1940 necessitatem
2777 1868 3079 1961 effugiat.

706 1974 889 2046 Dum
924 1974 996 2046 id
1034 1976 1319 2046 miratur
1355 1974 1884 2066 NeoptolemuS,
1924 1977 2062 2045 iam
2107 1995 2185 2043 se
2231 1973 2526 2065 amplius
2564 1973 2923 2043 continere
2967 1994 3086 2044 ne-

708 2080 887 2169 quit,
928 2078 1056 2148 sed
1093 2079 1319 2149 victus
1365 2080 1706 2150 immensa
1750 2079 1822 2148 vi
1875 2079 2305 2150 cruciatuum
2340 2076 2629 2148 terribili
2667 2097 2828 2146 cum
2864 2076 3084 2169 palpi-

707 2183 969 2254 tatione
1006 2182 1145 2253 oris
1180 2184 1536 2274 ingentem
1578 2182 1910 2254 eiulatum
1944 2182 2142 2252 tollit.
2218 2179 2358 2252 Sed
2394 2179 2562 2272 quid
2600 2177 2721 2250 fiet
2755 2180 2888 2252 illis
2923 2201 3086 2254 ver-

705 2285 837 2368 bis,
878 2282 953 2355 τί
989 2311 1143 2378 σοις
1184 2284 1574 2360 cuiusmodi
1612 2286 1932 2377 quaestio
1967 2285 2172 2377 plane
2210 2284 2485 2356 insolita
2530 2284 2689 2353 est‘?
2770 2283 2985 2366 Quod
3031 2284 3084 2358 si

707 2390 862 2480 quis
900 2390 1080 2458 forte
1115 2388 1291 2459 haec
1328 2411 1490 2462 cum
1524 2386 2110 2480 praecedentibus
2162 2389 2258 2458 ita
2292 2386 2644 2479 iungenda
2679 2386 2983 2477 putabit,
3021 2383 3090 2462 τί

707 2493 773 2561 δ’
815 2490 992 2577 ἔστι,
1034 2490 1109 2561 τί
1144 2516 1258 2562 σοι
1269 2520 1298 2585 3
1338 2492 1541 2562 facile
1577 2493 2102 2583 sennen-quam
2137 2490 2211 2561 id
2248 2489 2646 2582 languidum
2683 2491 2792 2560 sit.
2851 2490 3087 2574 Quare

706 2592 1159 2667 scribendum
1194 2594 1517 2673 existimo
1564 2592 1640 2665 τί
1671 2620 1831 2691 τοις
1871 2594 2022 2667 Non
2074 2593 2305 2669 habeo
2358 2593 2642 2687 quidem
2689 2594 3090 2689 exemplum

705 2700 777 2769 in
814 2708 1139 2790 promptu
1175 2698 1380 2775 huius
1420 2699 1798 2791 particulae
1834 2700 1905 2773 in
1940 2699 2347 2791 quaerendo
2393 2708 2800 2790 usurpatae,
2837 2707 3087 2791 negat-

707 2823 845 2893 que
896 2802 1194 2873 inveniri
1237 2801 1319 2875 A.
1371 2803 1759 2877 Meinekius
1814 2803 1906 2873 ad
1956 2803 2299 2877 Theocrit.
2345 2803 2419 2873 ΙΙ.
2469 2803 2618 2886 20.,
2667 2801 2792 2871 sed
2851 2812 3086 2872 tamen

708 2915 867 2998 apta
902 2926 1061 2975 esse
1096 2906 1375 2979 videtur
1400 2907 1792 3001 quaestioni
1829 2905 2416 2999 indignabundae,
2447 2906 2539 2976 ob
2575 2905 2821 2977 iterata
2856 2905 3089 2979 inania

705 3030 1065 3102 responsa.
1160 3009 1559 3082 Cuiusmodi
1610 3011 1998 3103 quaestioni
2043 3030 2250 3103 quam
2285 3028 2440 3104 rara
2475 3011 2715 3081 veniat
2751 3020 3088 3103 opportu-

630 3141 633 3144 ·
705 3115 910 3198 nitaS,
950 3134 1075 3205 per
1109 3134 1188 3184 se
1225 3123 1434 3207 patet.

910 3216 989 3285 V.
1033 3215 1204 3289 ¹759.
1281 3218 1737 3302 Philoctetes,
1786 3229 1862 3290 ut
1910 3221 1981 3297 in
2022 3217 2286 3310 optimo
2338 3216 2586 3288 codiee
2623 3217 2695 3285 Γ
2722 3219 3083 3310 scriptum,

707 3320 802 3388 ita
838 3318 929 3389 de
964 3321 1210 3393 morbo
1248 3343 1376 3393 suo
1413 3322 1750 3415 loquitur:

1014 3421 1161 3516 ἥκει
1197 3423 1329 3517 γὰρ
1367 3424 1544 3519 αὕτη
1585 3423 1704 3494 διὰ
1737 3421 1996 3519 χρόνου
2033 3421 2296 3518 πλάνης
2335 3425 2498 3501 ἴσως

1018 3525 1111 3603 ὥς
1145 3522 1565 3622 ἑξεπλήσθη.
1629 3530 1803 3601 ΝΕ.
1849 3525 1931 3597 ἰώ
1971 3523 2055 3595 ἰώ
2092 3522 2388 3622 δύστηνε
2425 3524 2539 3605 σύ.

707 3627 1023 3720 Plerique
1069 3627 1222 3699 libri
1278 3639 1349 3703 et
1395 3627 1806 3703 scholiastes
1854 3626 2181 3706 πλάναιςε
2237 3629 2494 3703 deinde
2536 3630 2655 3701 >alii
2706 3631 2927 3703 semel
2965 3628 3075 3717 ἰώ,

707 3731 1101 3815 Tricliniani
1163 3733 1294 3825 φεῦ
1314 3782 1338 3821 ,
1407 3730 1530 3821 ἰῶ,
1599 3754 1781 3824 quae
1844 3732 2145 3807 Triclinii
2205 3734 2551 3803 correctio
2614 3745 2743 3807 est.
2865 3734 3081 3804 Recte

705 3836 1113 3909 Welckerus
1157 3837 1231 3909 in
1276 3857 1522 3909 museo
1558 3835 1792 3930 philol.
1835 3835 2171 3915 Rhenano
2219 3838 2265 3909 Ι.
2300 3859 2375 3929 p.
2429 3834 2601 3917 450.
2641 3858 2792 3929 sqq.
2838 3848 3081 3908 contra

706 3959 855 4023 eoS,
891 3942 1011 4032 qui
1047 3937 1338 4018 πλάνοις
1376 3942 1556 4017 ἴσως
1589 3941 2047 4032 scripserunt,
2095 3942 2399 4024 monuit,
2454 3939 2623 4011 nihil
2664 3940 3081 4034 Sophoclem

705 4039 796 4113 de
831 4044 1115 4134 paribus
1152 4043 1553 4128 intervallis,
1592 4043 1843 4135 quibus
1880 4053 2151 4123 aestuet
2185 4045 2418 4128 ulcus,
2457 4043 2803 4121 dicturum
2837 4047 3081 4128 fuisse,
3156 4077 3183 4089 -
3268 4104 3269 4135 ἶ

705 4144 896 4236 qued
946 4145 1022 4219 id
1070 4146 1239 4219 nihil
1289 4146 1384 4218 ad
1434 4168 1584 4221 rem
1638 4147 1866 4223 faciat.
1987 4147 2125 4227 Sed
2184 4146 2376 4239 quod
2436 4148 2621 4240 ipse,-
2687 4171 2902 4240 quum
2953 4151 3082 4225 ἕως

704 4245 1085 4345 ἐξεπλήσθη
1126 4250 1335 4321 scribi
1372 4250 1544 4334 vult,
1581 4250 1914 4343 impetum
1951 4251 2210 4322 doloris
2246 4252 2506 4343 pariter
2532 4261 2611 4327 ut
2636 4272 2853 4349 vagos
2882 4273 3080 4329 men-

707 4349 904 4423 dicos
942 4352 1308 4438 accedere,
1348 4354 1720 4445 statimque
1749 4364 1823 4425 ut
1849 4355 1931 4424 iis
1962 4354 2384 4431 satisfactum
2412 4356 2505 4427 sit
2538 4355 2734 4427 abire
2770 4355 2909 4426 dici
2946 4378 3075 4448 pu-

703 4463 829 4539 tat,
867 4475 1008 4529 non
1043 4455 1259 4528 credo
1296 4479 1459 4529 eum
1494 4458 1820 4549 cuiquam
1847 4478 2359 4551 persuasurum.
2418 4457 2662 4550 Neque
2698 4458 2770 4532 id
2806 4458 3076 4552 Sopho-

707 4559 851 4637 cles
888 4555 1178 4636 πλάνοις
1214 4560 1410 4648 ἴσως,
1438 4558 1567 4633 sed
1594 4559 1862 4639 πλάνου
1891 4559 2088 4656 δίκην
2113 4561 2226 4635 vel
2249 4558 2513 4657 πλάνης
2541 4562 2728 4639 ὅπως
2757 4562 3071 4641 dixisset.
