3328 5326
870 385 1260 458 QUARUND.
1296 385 1531 456 VERBI
1561 381 1735 446 LAT.
1774 384 2005 446 FORM.
2514 378 2640 447 4⁴7

254 584 460 667 cepta
509 578 858 667 proferat,
908 576 980 645 in
1029 575 1274 647 ordine
1311 579 1664 648 actionum
1702 577 2031 670 temporis
2068 577 2437 649 momentis
2492 579 2645 649 dis-v

255 686 604 749 cretarum
653 689 996 751 teneant«
1069 681 1258 751 Haec
1311 702 1443 773 ego
1483 701 1731 750 vereor
1767 701 1856 750 ne
1894 691 2012 751 aut
2049 702 2190 751 non
2238 682 2634 774 intelligam,

255 790 394 864 aut,
435 781 496 850 si
531 783 860 875 intelligo,
900 804 1042 853 non
1077 785 1346 876 possint
1393 806 1522 877 pro
1558 785 1745 854 veris
1796 784 2059 855 haberi.
2149 784 2321 855 Nam
2372 787 2431 855 si
2479 807 2646 879 per-

258 884 422 954 fecti
473 894 545 953 et
595 886 982 979 imperfecti
1027 888 1349 958 notiones
1389 909 1430 958 a
1464 889 1914 981 grammatica
1952 890 2220 958 alienae
2258 898 2453 974 sunt,
2492 908 2637 959 non

255 999 547 1080 apparet
593 991 712 1080 qui
760 991 1018 1062 factum
1056 991 1146 1060 sit
1184 1003 1257 1062 ut
1292 991 1398 1061 his
1436 990 1837 1062 notionibus
1889 991 2361 1083 significandis
2401 1003 2638 1062 certae

254 1091 634 1163 verborum
686 1094 950 1164 formae
1003 1096 1331 1165 inventae
1401 1095 1572 1175 sint,
1641 1105 2198 1187 usurpenturque
2251 1097 2346 1165 ita
2413 1105 2484 1166 ut
2547 1117 2646 1166 ne

258 1215 467 1286 posse
503 1196 786 1287 quidem
824 1198 909 1267 iis
946 1217 1186 1268 carere
1225 1199 1615 1282 videamur-3
1657 1199 1822 1289 quin
1860 1219 1950 1267 ne
1988 1198 2156 1268 illud
2194 1198 2478 1290 quidem
2515 1220 2644 1292 ap-

257 1308 478 1390 paret,
533 1321 673 1391 quo
717 1300 931 1372 modo
977 1302 1037 1371 is
1087 1304 1205 1393 qui
1255 1302 1557 1393 loquitur
1593 1302 1764 1381 visa,
1809 1322 1990 1393 quae
2028 1301 2261 1372 verbis
2298 1313 2645 1396 concepta

256 1404 588 1493 proferat,
626 1425 838 1494 quem
874 1405 1104 1475 locum
1140 1405 1211 1473 in
1249 1404 1493 1476 ordine
1531 1406 1882 1476 actionum
1914 1407 2243 1497 temporis
2272 1407 2653 1477 momentis-

256 1505 718 1578 discretarum
769 1518 1052 1579 teneant
1101 1508 1463 1579 declarare
1513 1510 1750 1601 possit.
1848 1509 2022 1579 Nam
2071 1508 2243 1601 quid
2294 1508 2483 1579 aliud
2532 1519 2643 1579 est

257 1609 573 1680 actiones
611 1612 942 1705 temporis
975 1614 1346 1686 momentis
1384 1612 1810 1695 discernere,
1842 1633 2053 1703 quam
2089 1634 2210 1682 eas
2249 1611 2485 1682 dicere
2523 1623 2642 1683 aut

256 1721 451 1783 actas
488 1734 646 1784 esse
684 1724 807 1785 aut
843 1716 955 1808 agi
992 1725 1110 1787 aut
1145 1716 1459 1787 nondum
1496 1737 1653 1786 esse
1691 1717 1930 1785 actas?
1980 1715 2193 1807 Atqui
2220 1738 2403 1807 quae
2440 1726 2641 1786 actae

257 1826 448 1900 sunt,
489 1819 879 1910 perfectae3
920 1839 1100 1912 quae
1138 1830 1455 1912 aguntur,
1494 1821 1949 1912 imperfectae
1988 1830 2177 1904 sunt,
2220 1821 2421 1890 sicuti
2459 1838 2639 1911 quae

259 1940 488 2012 neque
544 1932 742 2017 actae
792 1933 958 1992 sunt
998 1944 1230 2014 neque
1281 1933 1610 2016 aguntur,
1663 1923 1754 1994 ad
1792 1922 2391 2016 exspectationem
2429 1925 2643 1994 futuri

258 2025 591 2117 temporis
639 2026 1010 2118 pertinent.
1102 2028 1318 2097 Aliter
1366 2027 1533 2097 nihil
1585 2028 1718 2097 nisi
1770 2027 1959 2097 nuda
2006 2029 2199 2097 notio
2252 2036 2649 2097 remaneret

258 2127 577 2212 actionis,
616 2151 796 2220 quae
836 2140 944 2200 est
980 2129 1167 2201 omni
1206 2133 1537 2223 temporis
1574 2131 1934 2200 notatione
1974 2151 2215 2201 vacua.
2281 2130 2438 2201 Illos
2468 2152 2645 2222 quo-

256 2253 394 2322 que
431 2253 565 2324 ego
593 2242 762 2325 puto
792 2243 1111 2304 naturam
1141 2233 1397 2305 ducem
1424 2235 1646 2326 sequi,
1678 2234 1796 2326 qui
1821 2235 2160 2304 rationem
2189 2234 2645 2305 divisionem—

256 2356 395 2427 que
430 2345 824 2429 temporum
861 2338 956 2408 ita
992 2336 1367 2423 definiunt,
1414 2347 1492 2408 ut
1528 2359 1685 2408 eam
1722 2339 1812 2408 ab
1849 2338 1963 2408 illo
2000 2339 2118 2430 qui
2170 2339 2475 2430 loquitur
2530 2359 2644 2407 re·
2730 2335 2737 2342 ’

250 2448 517 2531 petant.
584 2439 761 2511 Nam
797 2463 1011 2532 quum
1048 2442 1273 2511 omnis
1311 2442 1532 2513 oratio
1568 2443 1659 2512 sit
1695 2442 2076 2513 declaratio
2114 2443 2637 2534 cogitationum,

252 2543 313 2612 is
365 2544 484 2633 qui
534 2543 840 2635 loquitur
886 2565 1025 2614 non
1080 2555 1312 2637 potest
1359 2567 1502 2615 non
1542 2547 1629 2617 ab
1669 2566 1745 2615 se
1785 2546 1969 2639 ips0,
2022 2556 2100 2616 ut
2135 2548 2335 2617 cuius
2375 2544 2642 2638 cogita-

254 2646 483 2717 tiones
519 2647 909 2739 eloquatur,
948 2647 1316 2746 proficisci.
1406 2650 1644 2742 Itaque
1684 2649 1817 2720 hoc
1855 2659 2163 2743 tempus,
2204 2672 2343 2742 quo
2382 2650 2642 2743 cogitat
2660 2673 2760 2746 με

253 2761 328 2821 et
363 2750 670 2842 cogitata
702 2753 939 2824 verbis
976 2755 1261 2847 profert,
1301 2752 1552 2824 eadem
1590 2754 2010 2825 necessitate
2040 2755 2434 2825 absolutum
2466 2764 2646 2823 tem-

253 2877 386 2947 pus
434 2865 572 2938 est,
626 2854 838 2947 idque
889 2878 1258 2949 praesenS,
1310 2878 1448 2949 qua
1485 2878 1786 2949 persona
1823 2857 1892 2926 in
1928 2857 2163 2927 verbis
2202 2877 2384 2949 quae
2420 2858 2643 2949 prima

253 2967 583 3043 vocatur,
636 2959 826 3050 quod
863 2961 1015 3030 sine
1053 2981 1139 3030 ea
1173 2982 1307 3030 nec
1349 2961 1661 3031 secunda
1710 2980 1846 3029 nec
1898 2961 2101 3029 tertia
2149 2980 2453 3052 persona
2507 2959 2641 3030 ulla

256 3062 548 3155 cogitari
598 3072 849 3155 potest.
940 3063 1114 3134 Illud
1164 3064 1560 3134 absolutum
1607 3072 1883 3155 tempus
1933 3083 2270 3155 praesens
2307 3063 2641 3132 terminos

254 3166 470 3237 habet
506 3166 596 3236 ab
634 3167 851 3236 altera
886 3177 1081 3259 parte
1119 3167 1192 3237 id
1229 3166 1418 3258 quod
1454 3166 1662 3236 desiit
1705 3186 2043 3259 praesens
2092 3187 2288 3249 esse,
2341 3166 2476 3234 hoc
2528 3175 2642 3235 est
2699 3215 2704 3218 -

251 3272 671 3363 perfectum,
710 3270 800 3339 ab
838 3271 1054 3340 altera
1091 3280 1323 3341 autem
1359 3269 1529 3341 illud
1567 3269 1757 3361 quod
1793 3270 2104 3340 nondum
2134 3288 2470 3362 praesens
2508 3278 2637 3351 est,

253 3373 447 3465 quod
483 3382 590 3441 est
623 3375 956 3444 futurum:
998 3395 1176 3465 quae
1208 3384 1521 3467 tempora
1551 3383 1894 3465 quatenus
1923 3373 2013 3444 ad
2043 3372 2211 3443 illud
2239 3373 2639 3441 absolutum

247 3468 594 3570 praesens
641 3478 1066 3561 referuntur,
1123 3498 1348 3570 eoque
1385 3478 1663 3550 sublato
1698 3499 1789 3546 ne
1827 3477 2110 3569 cogitari
2153 3474 2436 3568 quidem
2474 3495 2640 3566 pos-

249 3592 439 3665 sunt,
472 3581 763 3651 relativa
790 3590 984 3665 sunt;
1026 3592 1371 3674 quatenus
1409 3592 1644 3652 autem
1682 3581 1978 3653 absoluti
2006 3579 2393 3674 praesentis
2420 3599 2637 3669 nega-

252 3687 519 3756 tionem
571 3695 857 3777 propter
908 3685 1312 3762 ccmmunes
1367 3707 1525 3755 cum
1564 3706 1650 3755 eo
1689 3686 2020 3754 terminos
2068 3684 2448 3767 continent,
2488 3682 2638 3774 ipsa

246 3809 534 3881 quoque
586 3789 900 3859 absoluta
953 3810 1176 3881 eaque
1226 3789 1619 3881 praesentia
1663 3799 1858 3858 sunt:
1916 3787 2124 3879 idque
2178 3785 2641 3879 comprobant

247 3894 321 3963 in
380 3893 622 3963 Latina
683 3892 919 3984 lingua
982 3891 1118 3963 hae
1170 3893 1478 3977 formae,
1532 3891 1788 3986 factum
1842 3901 1971 3974 est,
2024 3889 2324 3982 facturus
2378 3897 2511 3969 e8t;
2566 3890 2637 3957 in

248 3997 522 4068 Graeca
585 4003 819 4067 autem
884 3996 1109 4086 μέλλω
1174 4002 1431 4066 ποιεῖν.
1544 3995 1888 4079 Quocirca
1957 3992 2298 4061 immerito
2360 3994 2636 4063 nescire

247 4099 610 4193 putabitur
659 4097 828 4189 quid
877 4099 1302 4184 absolutum,
1353 4098 1520 4190 quid
1567 4099 1921 4169 relativum
1969 4097 2090 4179 sit,
2150 4096 2206 4164 si
2256 4096 2411 4186 quis
2448 4096 2637 4167 idem

250 4215 530 4296 tempus
582 4201 796 4273 modo
840 4202 1271 4288 absolutum,
1326 4202 1537 4274 modo
1582 4204 1945 4274 relativum
1995 4200 2330 4292 appellet3
2390 4211 2637 4292 quam-

250 4328 466 4398 quam
494 4327 634 4377 non
662 4305 1020 4377 laudatum
1047 4307 1234 4391 vo10,
1273 4306 1333 4376 si
1368 4307 1521 4398 quis
1558 4306 1752 4398 quod
1783 4305 2267 4397 imperfectum
2298 4303 2368 4372 in
2399 4304 2637 4374 verbis

250 4422 577 4493 vocatur,
633 4410 813 4481 inter
867 4409 1184 4481 absoluta
1252 4419 1565 4503 tempora
1626 4410 1878 4503 posuit.
1990 4408 2334 4492 Quoniam
2400 4418 2635 4478 autem

249 4514 511 4584 mentis
545 4533 630 4583 ea
666 4514 971 4584 facultas
995 4519 1124 4597 est,
1163 4523 1239 4584 ut
1275 4533 1351 4583 se
1389 4514 1611 4606 possit
1632 4514 1841 4582 etiam
1870 4510 2006 4581 alio
2034 4533 2244 4605 quam
2271 4532 2411 4604 quo
2448 4529 2634 4580 nunc

254 4616 518 4709 cogitat
554 4627 867 4710 tempore
914 4616 1368 4709 cogitantem,
1424 4616 1558 4688 hoc
1608 4627 1715 4686 est
1761 4626 2205 4709 praesentem
2228 4670 2245 4700 ,
2299 4614 2634 4706 cogitare,

342 4736 534 4796 Illum.
575 4736 682 4795 ΟΡ.
717 4736 871 4798 VIII.
2131 4733 2222 4794 Bb
