3328 5326
1232 359 1635 424 PINDARUS.
2548 356 2630 418 75

461 549 709 643 »nepos
743 549 1096 647 προπετὴς
1131 551 1315 622 ἄνθε’·
1339 547 1837 643 Ὀλυμπιάδος,
2643 552 2754 612 Μ

446 651 729 744 Ἴδελφῖνί
760 678 874 723 κεν
909 650 1124 742 τάχος
1159 656 1233 724 δι’
1264 655 1486 745 ἅλμας

321 757 408 825 65
469 756 621 824 ἴσον
656 758 926 846 εἴποιμι
960 755 1338 851 ῘᾺελησιάν

463 857 719 951 χειρῶν·
747 881 822 928 τε
858 858 971 928 καὶ
1011 856 1254 947 ἰσχύος
1290 858 1606 949 ἁνίοχον.

316 1640 427 1724 DE
480 1641 867 1725 PINDARI
904 1642 1027 1725 AD
1073 1638 1375 1757 SOLEM
1402 1640 2012 1726 DEFIOIENTEM
2046 1640 2585 1744 VERSIBUS&

839 1801 973 1897 [ap.
1008 1803 1253 1894 Bergk.
1290 1804 1359 1874 P.
1393 1804 1463 1873 L.
1498 1803 1692 1874 Pind.
1728 1807 1804 1873 a.
1839 1801 1881 1842 ³⁸
1921 1802 2070 1897 st]

474 2007 1075 2101 Circumspicienti
1123 2009 1290 2079 mihi
1338 2010 1734 2095 materiam,
1775 2010 1866 2081 de
1912 2031 2051 2102 qua
2096 2011 2511 2097 scriberem,
2568 2021 2641 2082 ut
2659 2021 2757 2081 Μ

274 2114 421 2184 vitis
452 2134 718 2198 eorum,
756 2112 874 2204 qui
913 2112 1046 2182 hoc
1084 2134 1313 2184 annuo
1342 2114 1567 2206 spatio
1596 2114 1784 2206 apud
1820 2135 1951 2183 nos
1980 2114 2228 2185 artium
2256 2115 2640 2185 liberalium

276 2218 574 2310 magistri
627 2217 1094 2308 doctoresque
1145 2216 1624 2311 philosophiae
1678 2217 1893 2287 creati
1946 2227 2135 2302 sunt,
2177 2217 2437 2310 aliquid
2485 2240 2526 2287 a
2565 2240 2641 2287 re

274 2322 594 2392 litteraria
641 2320 1264 2391 commendationis
1311 2321 1716 2404 accederet,
1754 2321 1932 2391 haec
1981 2320 2052 2388 in
2100 2340 2238 2413 qua
2288 2340 2643 2392 versamur

279 2426 441 2496 lucis
495 2435 568 2495 et
618 2423 1064 2495 tenebrarum
1103 2424 1455 2495 dimicatio
1509 2424 2013 2495 nobilissimum
2050 2425 2216 2496 illud
2254 2446 2534 2496 carmen
2572 2425 2641 2493 in

279 2698 597 2777 Tralliani,
650 2697 729 2758 de
772 2713 894 2776 quo
950 2696 1113 2758 idem
1167 2699 1431 2777 scriptor
1473 2696 1797 2782 ibidem§.
1831 2699 1892 2759 2.
1930 2699 2248 2760 Praeterea
2295 2718 2440 2760 vero
2482 2698 2646 2759 libe-

279 2784 462 2845 randa
494 2793 673 2846 erant
702 2782 945 2844 Pindari
978 2783 1167 2844 verba
1214 2784 1331 2844 alio
1375 2802 1572 2863 eoque
1604 2786 1774 2864 gravi
1810 2784 1979 2845 vitio.
2045 2786 2198 2844 Nam
2232 2803 2427 2864 quum
2475 2786 2644 2878 lege-

277 2880 469 2970 retur,
529 2891 699 2945 παι,
749 2862 824 2930 σέ
863 2859 917 2929 τ’
965 2863 1273 2953 ἐνόσφισε
1324 2865 1440 2931 καὶ
1485 2862 1954 2949 Πολυτιμίδαν
2003 2866 2250 2950 κλᾶρος
2300 2863 2648 2954 προπετὴς

279 2944 443 3018 ανθέ
455 2918 945 3035 Ὀλυμπιάδος,
981 2966 1122 3035 post
1152 2975 1222 3016 ea
1252 2955 1445 3017 verba
1478 2966 1685 3018 autem
1725 2958 1925 3036 posita
1956 2966 2121 3017 esset
2151 2960 2417 3017 maxima
2450 2958 2648 3017 inter-

277 3044 545 3121 punctio,
584 3043 737 3103 nihil
768 3049 900 3102 erat
935 3059 1058 3121 quo
1090 3040 1565 3104 adnecterentur
1595 3061 1664 3103 ea
1698 3061 1859 3122 quae
1892 3041 1970 3102 de
2000 3043 2243 3103 Melesia
2274 3043 2649 3123 praedican-

276 3139 391 3208 tui,
429 3148 592 3209 quae
623 3129 714 3189 sic
744 3128 912 3188 nullo
954 3136 1132 3207 pacto
1176 3146 1319 3188 cum
1360 3128 1888 3208 praecedentibus
1926 3129 2311 3190 cohaerentia
2342 3149 2466 3190 non
2497 3149 2648 3209 pos-

279 3225 419 3276 sunt
456 3234 583 3275 non
629 3214 824 3275 videri
869 3214 1108 3276 adiecta
1150 3232 1289 3274 esse
1335 3214 1817 3295 imperitissime,
1867 3214 2057 3294 idque
2103 3234 2175 3276 eo
2220 3216 2437 3295 magiS,
2475 3215 2648 3295 quod

279 3320 397 3361 non
442 3308 722 3381 apparet,
772 3318 884 3361 cur
927 3299 1204 3362 celeritas
1248 3299 1528 3371 Melesiae
1574 3302 1781 3379 potius
1820 3319 2008 3380 quam
2055 3320 2153 3362 ars
2197 3312 2259 3362 et
2308 3302 2647 3363 dexteritas

276 3386 579 3449 laudetur.
649 3389 940 3448 Senserat
983 3388 1261 3447 connecti
1309 3388 1457 3448 haec
1500 3405 1641 3448 cum
1689 3386 2114 3490 superioribus
2146 3387 2436 3449 debuisse
2469 3388 2649 3448 scho—

278 3472 499 3551 liastes,
533 3474 641 3552 qui
667 3473 984 3576 explicans
1009 3472 1178 3533 hunc
1207 3473 1407 3535 locum
1434 3471 1658 3534 adiecit
1686 3467 1835 3534 καίε
1876 3463 2024 3534 ἀντὶ
2051 3474 2175 3533 τοῦ
2199 3464 2352 3535 ι’σσν
2362 3464 2650 3578 Μεεῖπσιλιιι

275 3552 389 3620 καὶ
444 3552 561 3621 τὸν
612 3550 960 3642 Μελησίαν
1004 3557 1103 3641 τῷ
1145 3559 1332 3638 ταχεῖ
1378 3555 1645 3660 δελφῖνι
1689 3560 1770 3645 τῇ
1813 3579 1885 3620 τε
1933 3551 2118 3638 ἰσχύϊ
2155 3556 2273 3622 καὶ
2312 3561 2394 3645 τῇ
2435 3554 2644 3660 τέχνῃ.

276 3644 506 3707 Sustuli
548 3646 806 3723 vitium,
845 3664 1041 3725 quum
1087 3644 1331 3707 sublata
1364 3647 1588 3707 maiore
1619 3648 2111 3724 interpunctione
2145 3648 2362 3727 scripsi
2392 3647 2545 3720 παῖ,
2583 3635 2643 3706 α’

278 3721 370 3791 ὅτ’
407 3724 740 3816 ἐνόσφισε.
807 3733 931 3793 Hoc
960 3733 1124 3791 enim
1155 3740 1216 3792 et
1245 3730 1406 3793 dixit
1434 3731 1737 3794 Pindarus
1768 3742 1830 3793 et
1860 3733 2064 3794 dicere
2099 3732 2347 3794 debuit:
2397 3693 2646 3793 duobus

277 3816 532 3896 quidem
576 3818 847 3879 victoriis
895 3817 1231 3898 Olympicis
1285 3837 1479 3898 quum
1538 3818 1749 3898 vobiS,
1801 3816 2103 3880 Alcimida
2148 3828 2210 3879 et
2254 3817 2639 3895 Polytimida‚

274 3902 394 3964 frui
439 3922 560 3964 non
605 3905 988 3983 contigisset,
1045 3904 1211 3983 quod
1260 3915 1330 3965 ut
1374 3904 1653 3966 nondum
1703 3906 1927 3966 maturi
1971 3905 2226 3966 admissi
2258 3923 2381 3964 non
2412 3904 2639 3983 fuistiS,

275 3989 591 4051 celerrime
615 3988 940 4070 disciplina
972 4008 1082 4051 sua
1115 3990 1314 4051 effecit
1336 3991 1633 4067 MelesiaS,
1673 4000 1745 4053 ut
1776 4000 1844 4051 tu
1873 4002 2103 4069 tamen,
2143 3988 2464 4069 Alcimida,
2505 4010 2649 4051 mox

275 4075 550 4137 vinceres
594 4078 658 4136 in
702 4075 867 4137 ludis
897 4077 1164 4137 NemeiS.
1242 4077 1348 4137 Sic
1391 4078 1579 4138 simul
1620 4087 1683 4139 et
1726 4076 1903 4156 illud,
1943 4074 2113 4157 quod
2145 4077 2354 4137 reiecti
2401 4077 2651 4139 fuerant

270 4161 358 4221 illi
402 4164 580 4242 pueri
622 4163 965 4243 Olympiae,
1015 4164 1082 4222 in
1130 4162 1381 4224 laudem
1428 4181 1641 4225 eorum
1692 4166 1973 4240 vertitur,
2027 4181 2223 4242 quum
2267 4164 2652 4243 significatur¹

274 4248 535 4310 victores
576 4267 874 4309 evasuros
917 4248 1144 4327 fuisse,
1199 4257 1260 4310 et
1300 4250 1590 4313 laudatur
1632 4250 1942 4327 Melesias,
1994 4249 2163 4329 quod
2207 4252 2391 4328 aetati
2433 4269 2648 4311 eorum

272 4351 643 4395 succurrens
703 4335 1067 4395 brevissimo
1123 4346 1399 4415 tempore
1442 4337 1809 4398 Alcimidam
1869 4338 1954 4397 ita
2000 4338 2384 4412 exercuerit,
2439 4345 2505 4397 ut
2546 4335 2647 4394 ille

271 4421 609 4501 victoriam,
642 4439 765 4501 qua
788 4421 1108 4501 Olympiae
1138 4441 1253 4501 per
1281 4432 1541 4484 aetatem
1573 4424 1757 4503 potiri
1788 4442 1915 4488 non
1936 4432 2240 4502 potuerat,
2271 4422 2479 4503 paullo
2509 4427 2650 4501 post

270 4507 539 4567 Nemeae
572 4506 1036 4584 adipisceretur.

441 4589 502 4673 ³¹⁶)
543 4591 719 4653 Edita
750 4602 846 4653 est
873 4612 930 4653 a.
966 4593 1153 4653 4845.
