3328 5326
650 339 775 401 232
1612 338 2038 400 EURIPIDES.

653 539 1217 624 anapaestorum,
1257 530 1505 621 quibus
1554 551 1591 600 a
1645 555 1703 599 v.
1757 534 1924 601 593.
1973 529 2398 600 hemichoria
2449 530 2627 598 inter
2674 548 2750 598 se
2806 529 3019 599 collo-

653 643 972 727 quuntur.
1059 633 1498 726 Compar-anti
1549 635 1727 702 inter
1774 655 1852 704 se
1888 642 2262 727 systemata
2298 634 2410 702 illa
2450 632 2711 725 patebit
2746 632 3020 726 Euripi-

654 738 813 807 dem
850 761 916 806 v.
955 736 1121 807 594.
1156 737 1540 829 scripsisse,

1524 840 1655 936 τὴν
1692 841 1822 910 τοῦ
1857 841 2190 931 βασιλέως

1115 939 1373 1040 κου’ρην
1414 946 1568 1013 ἴδετ’
1602 944 2041 1035 Ἰφιγένειαν,

960 1046 1088 1142 τὴν
1143 1045 1514 1141 Τυνδάρεω
1550 1073 1625 1116 τε
1660 1042 2335 1142 Κλυταιμνήστραν.

652 1166 727 1234 V.
780 1170 947 1237 600.
989 1173 1138 1243 τοῖς
1188 1166 1556 1256 εὐδαίμοσι
1608 1167 1956 1238 excidisse
2012 1190 2224 1259 quum
2275 1168 2343 1235 in
2395 1166 2844 1236 adnotatione
2895 1165 3031 1236 de-

653 1270 1212 1353 monstraverim,
1267 1270 1480 1340 miror
1543 1270 1730 1362 quod
1785 1270 2197 1362 quibusdam
2249 1292 2390 1340 non
2442 1270 2756 1363 persuasi
2801 1268 2891 1339 de
2950 1290 3028 1339 re

653 1374 1099 1465 apertissima.
1176 1373 1475 1444 Alterius
1512 1372 1921 1444 hemichorii
1958 1396 2217 1458 versuS,
2258 1394 2432 1466 quos
2470 1371 2678 1443 foede
2717 1374 3033 1466 corrupit

652 1476 1132 1569 interpolator,
1191 1498 1330 1547 non
1383 1498 1625 1547 omnes
1680 1478 2075 1571 suppositos
2129 1498 2286 1547 esse
2340 1475 2420 1546 A.
2465 1475 2848 1560 SeidleruS,
2907 1478 3032 1568 qui

652 1579 987 1671 quasdam
1030 1602 1298 1651 mecum
1338 1581 1403 1648 in
1443 1581 1623 1650 hanc
1662 1581 2090 1673 tragoediam
2122 1580 2607 1651 adnotationes
2638 1581 3034 1650 communi-

651 1684 854 1768 cavit,
895 1706 987 1754 ex
1024 1684 1614 1776 Clytaemnestrae
1649 1685 1875 1754 verbis
1911 1706 2092 1776 quae
2130 1694 2515 1776 sequuntur
2551 1683 2883 1776 cognosci
2926 1683 3036 1751 in-

650 1788 933 1857 tellexit.
1028 1789 1255 1871 Quum
1317 1787 1568 1880 prioris
1633 1786 2043 1858 hemichorii
2095 1788 2398 1880 virgines
2453 1797 2639 1857 retro
2696 1808 3036 1857 cessurae

647 1891 1076 1975 viderentur,
1127 1893 1383 1960 alterae
1413 1891 1798 1961 hortantur
1837 1902 1908 1962 ut
1946 1901 2303 1975 maneant,
2343 1913 2633 1983 quarum
2670 1891 2890 1960 verba
2932 1892 3035 1960 sic
3118 1951 3127 1960 ,

651 1995 867 2065 ferme
906 1995 1161 2087 scripta
1199 1995 1411 2065 fuisse
1450 1995 1785 2065 credibile
1824 2005 1966 2065 est:

964 2116 1262 2205 στῶμεν,
1307 2112 1661 2192 Χαλκίδος
1699 2114 1957 2203 ἔκγονα
1981 2117 2396 2209 θρέμματα·

957 2217 1087 2312 τήν
1123 2216 1482 2309 βασίλειαν
1520 2212 1848 2309 δεξώμεθ’
1893 2217 2100 2308 ὄχων,

1110 2320 1205 2415 μή
1246 2324 1330 2414 γῇ
1373 2321 1719 2415 σφαλερὸν
1755 2319 1918 2391 πόδ’
1960 2320 2217 2415 ἐρείσῃ,

961 2421 1541 2514 συνεφαψάμεναι
1577 2426 1855 2517 μαλακῇ
1893 2423 2126 2521 ῥώμῃ,

956 2524 1052 2619 μὴ
1094 2521 1407 2619 ταρβήσῃ
1448 2524 1531 2595 τὸ
1571 2527 1821 2597 νεωστὶ
1856 2526 2081 2617 μολὸν

957 2627 1223 2699 κλεινὸν
1265 2627 1503 2719 φίτυμ’
1537 2624 2133 2721 ’.Αγαμεμνόνιοπᾳ

958 2731 1071 2800 καὶ
1108 2731 1204 2826 μή
1242 2727 1567 2825 θόρυβον
1603 2735 1775 2830 μηδ’
1818 2733 2132 2830 ἔκπληξιν

957 2840 1113 2910 ταῖς
1143 2835 1497 2929 ’,κίργείαις

1113 2943 1328 3021 ξεῖναι
1367 2937 1621 3021 ξείναις
1656 2941 2095 3033 παρέχωμεν.

852 3061 926 3131 V.
980 3062 1058 3130 64
1083 3063 1149 3130 6.
1226 3060 1437 3129 Recte
1485 3060 1857 3131 Barnesius
1926 3056 2458 3151 εὐλαβούμεναι.
2561 3061 2784 3131 Choro
2842 3065 3041 3133 enim

646 3166 823 3236 haec
863 3165 1031 3237 dicit
1069 3163 1636 3256 Clytaemnestra.
1696 3163 1772 3232 V.
1812 3166 1890 3234 64
1914 3167 1978 3233 8.
2014 3164 2292 3235 videtur
2328 3165 2658 3257 scriptun]
2697 3166 2948 3251 fuisse,

956 3282 1179 3375 ἀβρὸν
1216 3289 1501 3353 τιθεῖσα
1538 3285 1757 3353 κῶλον
1797 3284 2125 3374 ἀσφαλῶς
2161 3285 2371 3375 πέδῳ,

646 3407 761 3474 vel
800 3405 1023 3489 πέδοι,
1066 3403 1173 3470 vel
1210 3401 1457 3491 χαμαί.
1553 3403 1884 3472 Relictum
1921 3402 1988 3470 in
2029 3404 2274 3474 codice
2313 3406 2441 3474 ἀσ.
2474 3457 2491 3474 .
2522 3457 2538 3473 .
2573 3458 2588 3473 .
2634 3404 2872 3496 inepte
2914 3430 3042 3476 ex-

526 3507 860 3600 p‚4plevit
915 3505 1396 3596 interpolator,
1471 3505 1588 3596 qui
1648 3505 1738 3574 de
1804 3525 1929 3574 suo
1991 3506 2257 3577 addidit
2305 3528 2550 3577 versus
2623 3509 2795 3576 649.
2852 3511 3034 3582 620.

648 3618 960 3702 sumptos
999 3629 1092 3676 ex
1129 3630 1191 3675 v.
1232 3610 1310 3677 64
1336 3606 1399 3675 4.
1438 3610 1517 3677 64
1541 3611 1607 3678 5.
1641 3606 1833 3698 quod
1871 3607 1962 3676 ibi
1992 3608 2497 3701 εὐλαβούμενοι
2526 3612 2824 3701 legerat;
2869 3613 3042 3683 νεά-

646 3716 825 3790 νιδες
862 3724 1095 3782 autem
1133 3720 1200 3779 et
1239 3706 1565 3799 ἀγκάλαις
1601 3711 1978 3802 sumpsisse
2015 3712 2291 3784 videtur
2336 3734 2429 3782 ex
2466 3736 2531 3782 v.
2570 3715 2739 3787 626.
2774 3715 2843 3782 in
2888 3739 3039 3808 quo

648 3824 807 3884 ante
845 3815 1403 3908 supplementum
1442 3835 1532 3882 ex
1570 3837 1633 3882 V.
1674 3811 1841 3883 468.
1875 3816 2164 3906 petitum
2201 3817 2301 3887 sic
2341 3817 2672 3909 scriptum
2713 3819 2973 3905 fuerat,

959 3913 1241 3999 λάζυσθ’
1281 3917 1613 4011 Ὀρέστην
1649 3912 1975 4005 ἀγκάλαις
2011 3917 2340 3997 νεάνιδες.

650 4019 968 4091 Ceterum
1004 4020 1205 4103 haee,
1249 4017 1550 4113 φοβερὸν
1577 4018 1710 4113 γάρ
1741 4017 2221 4115 ἀπαράμυθον
2251 4021 2450 4113 ὄμμα
2478 4021 2809 4112 πωλικὸν,
2846 4028 3038 4097 male

648 4123 933 4215 intelligi
969 4123 1200 4194 video.
1260 4122 1558 4193 Pavidos
1598 4144 1814 4215 equos
1853 4145 2060 4217 aegre
2102 4125 2527 4216 tranquillari
2565 4125 2767 4196 dicit:
2813 4136 3034 4220 φοβε-

648 4225 776 4320 ρὸν
804 4226 1291 4297 formidantem
1320 4226 1682 4318 significat,
1712 4228 1885 4299 utin
1914 4228 2327 4299 Prometheo
2356 4252 2423 4299 v.
2453 4232 2479 4297 4
2505 4228 2621 4298 44.
2643 4240 2715 4298 et
2743 4230 2814 4298 in
2845 4230 3029 4303 Oed.

649 4330 722 4399 R.
773 4332 938 4399 453.

853 4449 1055 4519 Humi
1106 4450 1423 4542 deposito
1483 4473 1523 4521 a
1575 4452 1956 4544 virginibus
2011 4453 2237 4521 Oresti
2293 4451 2529 4522 dicere
2586 4452 3037 4545 Clytaemne—

647 4563 860 4624 stram
900 4573 1079 4645 quae
1119 4575 1183 4621 v.
1219 4556 1388 4623 634.
1424 4555 1745 4646 leguntur
1781 4556 1945 4628 vidit
1985 4555 2357 4625 Seidlerus.
2418 4557 2491 4625 In
2521 4578 2732 4627 versu
2760 4558 2881 4648 qui
2911 4579 3037 4628 se-
