3328 5326
1269 432 1601 494 HYMNUS.
2494 431 2617 492 3155

267 626 342 697 iis
390 626 637 697 similia
686 627 757 695 in
807 623 1122 718 Orphicis
1175 623 1448 716 hymnis
1502 624 1829 693 inveniet.
1882 664 1987 673 -
2040 622 2116 692 V.
2163 626 2278 693 ⁴8.
2320 621 2614 712 ἄνακτα,

265 728 449 822 quod
509 730 1016 799 BELLERMANNUS
1078 729 1330 797 frustra
1399 726 1782 796 defendere
1843 725 2142 809 studuit,
2207 726 2619 796 Hmmucnms

263 842 489 904 autem
523 831 1048 925 perversissime
1085 830 1351 900 ἄτακτα
1384 829 1593 900 scribi
1630 830 1967 914 voluerat,
2007 828 2377 913 ΗΕιιοΕιιοε,
2408 829 2620 919 ἁγνὸν

261 944 332 1006 ut
363 935 644 1007 videtur
678 956 805 1027 pro
843 934 1091 1004 ἄνετον
1127 934 1462 1018 scribom,
1501 934 1572 1003 in
1609 933 1855 1002 ἄνακτι
1883 932 2290 1004 mutandum
2327 935 2618 1016 censuit,

259 1040 499 1110 melius
528 1037 809 1130 quidem
837 1059 1041 1129 quam
1082 1037 1201 1120 illi,
1237 1036 1361 1106 sed
1400 1045 1632 1106 tamen
1670 1046 1746 1105 ut
1780 1036 2059 1129 probari
2085 1043 2406 1127 nequeat.
2449 1035 2622 1105 Nam

260 1152 323 1212 et
369 1144 816 1213 invenustum
856 1151 963 1210 est
1005 1141 1146 1209 κατ’
1188 1138 1501 1230 ὄλυμπον
1538 1160 1678 1208 non
1714 1160 1872 1209 cum
1917 1136 2227 1232 χορεύει,
2287 1137 2415 1209 sed
2466 1159 2623 1210 cum

258 1244 505 1315 ἄνακτι
541 1245 1005 1327 coniunctum,
1044 1252 1116 1312 et
1149 1242 1548 1334 languidum
1583 1251 1793 1333 atque
1831 1241 2092 1325 inutile,
2132 1243 2294 1333 quia
2331 1263 2625 1333 regnare

261 1348 489 1418 Solem
527 1348 597 1417 in
634 1348 829 1417 caelo
866 1349 1004 1417 iam
1041 1346 1300 1417 dictum
1338 1356 1444 1415 est
1489 1347 1701 1430 multo
1747 1343 2248 1438 significantius
2301 1348 2369 1415 in
2422 1366 2626 1437 prae-

258 1451 667 1522 cedentibus
694 1451 1030 1521 versibuS.
1089 1450 1220 1519 Vix
1256 1449 1555 1520 dubitari
1591 1458 1824 1541 potest
1860 1448 2025 1540 quin
2062 1448 2292 1518 sidera
2328 1447 2625 1520 choreas

256 1576 376 1680 per
414 1554 735 1647 opposita
776 1554 918 1624 Soli
968 1553 1189 1646 spatia
1240 1553 1412 1622 caeli
1464 1553 1724 1624 ducere
1771 1552 2119 1622 dicantur:
2173 1551 2245 1621 id
2294 1572 2464 1621 vero
2518 1562 2627 1621 est

259 1657 537 1728 ἔναντα.
590 1656 885 1727 ’Ἁνετον
921 1659 1127 1747 μέλος
1172 1666 1404 1726 autem
1438 1677 1576 1726 non
1616 1664 1726 1726 est
1761 1657 2125 1727 remissum
2161 1664 2234 1725 et
2269 1656 2458 1739 lene,
2498 1655 2624 1725 sed

260 1760 554 1832 effusum
608 1769 680 1829 et
728 1760 1176 1830 laetissimum
1230 1781 1530 1830 carmen.
1593 1800 1683 1810 —
1743 1760 1818 1828 V.
1869 1761 1986 1832 22.
2037 1759 2316 1830 codices
2368 1754 2626 1852 χρόνον

260 1864 502 1959 ὥριον,
545 1862 733 1955 quod
771 1884 1026 1934 annum
1064 1862 1425 1954 significat.
1510 1864 1865 1933 Banmcmns
1907 1883 2001 1932 ex
2039 1863 2226 1933 docti
2266 1861 2626 1932 cuiusdam

254 1967 380 2036 viri
410 1968 816 2038 coniectura
842 1966 1055 2061 χορὸν
1084 1967 1380 2058 scripsit,
1411 1966 1599 2060 quod
1631 1968 1792 2037 ferri
1821 1976 2074 2059 potest,
2106 1967 2164 2037 si
2199 1988 2340 2035 non
2371 1964 2625 2036 chorus

254 2070 628 2164 Horarum,
668 2069 794 2140 sed
831 2069 1101 2140 saltatio
1137 2070 1552 2162 intelligitur.
1598 2110 1690 2120 —
1732 2058 1809 2138 V}
1852 2072 1972 2143 25.
2015 2069 2204 2162 quod
2251 2070 2317 2138 in
2373 2070 2625 2138 ceteris

256 2174 616 2245 codicibus
654 2183 761 2243 est
795 2171 1260 2263 πολυοίμονα,
1303 2174 1369 2241 in
1408 2195 1547 2244 uno
1589 2183 1775 2243 recte
1814 2172 2460 2265 scriptumvidetur
2494 2197 2625 2241 πο-

251 2276 610 2368 λυείμονα.
672 2277 993 2346 Similiter
1020 2276 1246 2345 Horae
1276 2277 1346 2345 in
1375 2276 1677 2369 Orphico
1706 2276 1965 2369 hymno
1984 2277 2180 2346 XLll.
2210 2279 2275 2346 6.
2305 2275 2627 2346 dicuntur

252 2382 551 2456 πέπλους
614 2374 988 2471 ἑννύμεναι
1035 2379 1411 2473 δροσεροὺς
1462 2381 1741 2452 ἀνθέων
1792 2381 2326 2474 πολωθρέπτων.
2370 2419 2473 2429 -
2512 2377 2624 2447 Sic

253 2483 318 2552 in
371 2483 735 2553 sententiis
785 2482 1068 2573 quidem
1114 2482 1279 2552 nihil
1331 2493 1437 2553 est
1486 2483 1674 2575 quod
1726 2485 2058 2553 lectorem
2110 2490 2436 2552 moretur.
2538 2480 2627 2551 At

250 2586 418 2679 quid
454 2585 591 2656 hoc
629 2596 757 2671 est,
796 2586 984 2678 quod
1019 2605 1270 2658 versus
1326 2588 1689 2658 acatalecti
1727 2596 1796 2657 et
1833 2586 2215 2657 catalectici
2253 2607 2393 2655 non
2432 2595 2625 2654 certo

256 2690 522 2774 ordine,
563 2689 690 2760 sed
726 2699 990 2760 temere
1020 2690 1198 2761 inter
1228 2712 1303 2761 se
1333 2693 1530 2762 mixti
1558 2694 1761 2763 sunt‘?
1797 2691 1985 2783 quod
2016 2712 2103 2760 eo
2131 2692 2350 2782 magis
2378 2691 2626 2760 mirum

256 2803 391 2878 est,
446 2792 635 2885 quod
688 2793 835 2863 aliis
884 2795 1120 2865 metris
1173 2795 1505 2888 scriptum
1564 2795 1994 2888 prooemium
2055 2803 2243 2864 certa
2295 2794 2449 2885 lege
2501 2814 2628 2862 ex-

254 2907 586 2989 aequatas
623 2896 943 2989 strophas
981 2899 1381 2989 promittere
1417 2898 1717 2970 videtur.
1788 2898 2104 2967 Profecto
2142 2919 2283 2966 non
2320 2905 2461 2966 tam
2498 2897 2628 2964 im-

253 3002 551 3117 peritus
562 3000 688 3071 fuit
732 3000 843 3069 hic
894 3009 1134 3092 poeta,
1193 3013 1265 3070 ut
1316 3002 1700 3093 negligeret
1746 3001 1935 3092 quod
1972 3022 2086 3069 ars
2124 2998 2273 3067 fieri
2310 2999 2622 3070 iubebat:

255 3104 464 3173 immo
516 3113 593 3174 ut
644 3103 941 3220 hymnus
992 3103 1105 3172 hic
1156 3124 1248 3173 ex
1296 3103 1567 3174 duabus
1603 3104 1981 3175 verborum
2035 3101 2625 3193 complexionibus

258 3215 557 3292 constat,
611 3207 711 3277 sic
765 3228 885 3276 eas
923 3207 1127 3276 etiam
1166 3208 1401 3276 metris
1440 3228 1643 3300 pares
1683 3209 1897 3277 fuisse
1936 3204 2367 3298 propemodo
2407 3205 2626 3273 mani-

258 3311 507 3381 festum
545 3319 673 3380 est.
765 3309 1055 3381 Restitui
1094 3310 1273 3380 enim
1314 3311 1691 3402 aequalitas
1728 3309 2093 3379 levissimis
2133 3309 2627 3379 mutationibus

256 3422 519 3506 potest,
573 3413 1057 3484 animadversa
1109 3415 1309 3485 unius
1360 3435 1607 3485 versus
1660 3415 1954 3498 iactura,
2008 3432 2214 3504 quem
2277 3411 2626 3482 excidisse

259 3525 378 3587 aut
421 3518 489 3585 in
537 3517 652 3587 illo
710 3517 953 3587 codice
1003 3528 1225 3609 patet,
1282 3540 1371 3588 ex
1418 3540 1557 3609 quo
1610 3517 1826 3587 ceteri
1878 3516 2203 3609 descripti
2259 3527 2451 3599 sunt,
2511 3523 2630 3586 aut

257 3620 646 3712 neglectum
678 3640 836 3690 esse
873 3622 944 3690 in
980 3621 1111 3705 his,
1153 3630 1227 3691 ut
1264 3620 1482 3692 alios
1465 3643 1535 3689 1n
1570 3621 1650 3691 iis
1680 3642 1927 3692 versus
1957 3622 2253 3691 omissos
2280 3619 2623 3689 videmus.

259 3722 466 3794 Totus
503 3723 710 3816 igitur
744 3722 1039 3817 hymnus
1077 3725 1176 3793 sic
1217 3725 1629 3795 scribendus
1668 3728 1816 3795 erit.

765 3825 1203 3919 Εὐφαμείτω
1240 3828 1379 3904 πᾶς
1415 3825 1669 3922 αιθήρ,

771 3928 983 4022 οὔρεα
1018 3931 1282 4017 τέμπεα
1326 3924 1610 4018 σιγάτω,

762 4030 851 4119 γᾶ
887 4029 1004 4099 καὶ
1040 4028 1301 4107 πόντος
1336 4057 1449 4100 και
1489 4029 1759 4118 πνοιαί,

765 4126 951 4227 ἦχοι,
996 4129 1306 4223 φθόγγοι
1342 4135 1399 4201 T'
1441 4132 1781 4227 ὀρνίθων·

669 4238 712 4306 5
766 4237 997 4326 μέλλει
1032 4234 1162 4329 γὰρ
1200 4237 1301 4327 ἐφ’
1340 4236 1531 4330 ἡμᾶς
1565 4234 1835 4327 βαίνειν

779 4341 1044 4429 Φοῖβος
1080 4335 1547 4430 ἀκερσεκόμας
1584 4340 1860 4427 ἀχέτας.

871 4437 1466 4534 Χιονοβλεφοέρου
1501 4438 1721 4535 πάτερ
1756 4441 1998 4530 Ἀοῦς,
2467 4465 2622 4532 στρ.

811 4596 814 4601 »
872 4540 1257 4639 ροὃόεσσαν
1294 4543 1371 4619 ὃς
1409 4542 1673 4633 ἄντυγα
1711 4542 1956 4614 πώλων

871 4651 1163 4722 πτανοῖς
1198 4646 1307 4715 ὑπ’
1354 4648 1612 4733 ἴχνεσσι
1650 4643 1942 4733 διώκεις,
