3328 5326
1198 378 1678 442 AESGHYLUS.
2513 379 2537 438 ⁴
2551 378 2635 440 35

460 570 550 639 οὐ
584 568 714 666 χρὴ
748 572 1032 649 λέοντος
1069 567 1382 661 σκύμνον
1415 573 1493 642 ἐν
1527 568 1724 642 πόλει
1756 571 2071 666 τρέφειν,

259 692 464 764 quem
496 672 594 743 de
619 672 1044 767 Astyanacte
1080 673 1343 746 dictum
1378 694 1537 744 esse
1573 695 1662 745 eo
1699 672 1886 744 effici
1919 681 2139 767 putat,
2173 670 2368 766 qnod
2402 671 2640 756 Ulixes

260 783 328 844 ct
360 775 553 868 apud
586 776 947 849 Arctinum
983 777 1074 849 de
1111 777 1227 848 illo
1263 798 1484 870 puero
1518 776 1780 848 dixerit

458 877 741 974 νήπιος,
783 880 864 958 ὃς
897 882 1169 976 πατέρα
1201 879 1475 958 κτείνας
1508 882 1763 958 παῖδας
1798 877 2221 967 καταλείπει,

264 991 332 1051 et
359 982 551 1075 apud
578 979 980 1077 Euripidem
1010 983 1077 1053 in
1098 982 1345 1056 Troad.
1365 983 1408 1054 7
1419 987 1446 1053 ⁴
1470 986 1535 1054 8.
1558 984 1650 1054 de
1678 982 1932 1058 eodem
1958 981 2161 1053 Ulixe
2189 981 2530 1076 scriptum
2554 982 2643 1052 sit

464 1088 663 1168 λέξας
698 1085 994 1182 ἀρίστου
1024 1089 1246 1158 παῖδα
1279 1085 1378 1182 μὴ
1415 1088 1702 1182 τρέφειν
1736 1083 2031 1181 πατρός.

260 1186 573 1260 Potuisse
608 1190 816 1263 istum
852 1211 1135 1262 versum
1170 1189 1263 1262 de
1295 1188 1724 1283 Astyanacte
1749 1189 1901 1260 dici
1935 1209 2165 1281 neque
2215 1209 2353 1282 ego
2397 1188 2644 1281 negavi

261 1312 388 1361 uec
442 1293 651 1363 facile
696 1293 810 1363 alii
856 1294 1235 1386 negabunt.
1325 1291 1417 1363 At
1465 1314 1647 1384 quae
1694 1302 2073 1387 potuerunt
2101 1291 2312 1377 fieri,
2357 1314 2449 1362 eo
2500 1312 2645 1366 non

263 1395 468 1465 etiam
500 1398 691 1467 facta
728 1407 906 1468 sunt.
978 1397 1162 1467 Esse
1211 1396 1418 1488 igitur
1462 1398 1724 1467 factum
1770 1395 2088 1467 defendit
2125 1395 2534 1467 welckecus
2571 1396 2644 1465 in

263 1498 528 1570 diurnis
573 1499 1008 1571 scholasticis
1047 1521 1106 1571 a.
1145 1499 1366 1571 ⁴834.
1398 1522 1464 1593 p.
1504 1500 1703 1573 ⁴7⁴2
1743 1521 1939 1593 seqq.
1985 1500 2281 1593 primum
2327 1520 2414 1570 eo
2447 1498 2644 1591 qued

264 1602 621 1697 scripserit
659 1603 880 1673 Ἰλίου
930 1605 1177 1698 πέρσιν
1224 1602 1643 1696 Aeschylus:
1699 1624 1860 1673 nam
1909 1602 1984 1674 id
2033 1603 2129 1673 ibi
2174 1612 2500 1676 testatum
2554 1603 2644 1672 ab

262 1705 634 1777 Aristotele
684 1708 1037 1779 sumebat:
1102 1728 1286 1778 nunc
1340 1727 1547 1792 vero,
1602 1716 1972 1801 postquam
2036 1707 2328 1778 uncinos
2389 1706 2643 1799 posuit,
2717 1755 2722 1762 -

263 1809 408 1902 ipse
462 1810 637 1881 illud
688 1811 1157 1881 testimonium
1188 1810 1512 1894 sustulit,
1553 1820 1628 1881 ut
1662 1810 1800 1880 iam
1835 1812 2103 1882 nullum
2139 1819 2390 1881 testem
2426 1809 2647 1880 hehe-
2663 1816 2767 1880 9-9

264 1933 480 1983 amns.
542 1913 747 1997 Quod
784 1915 844 1984 si
879 1935 1088 1985 nemo
1125 1922 1417 1988 testatus
1455 1923 1563 1984 est
1594 1911 1815 1985 Ἰλίου
1850 1917 2097 2010 πόρων
2124 1913 2476 2007 Aeschyli,
2506 1934 2646 2005 quo

263 2016 470 2088 modo
521 2018 1012 2109 cognoscimus
1048 2038 1330 2089 versum
1378 2017 1585 2087 istum
1632 2017 1707 2086 in
1753 2017 1991 2089 fabula
2033 2017 2374 2110 seitiptnm
2408 2017 2646 2100 fuisse,

261 2141 465 2211 quam
519 2121 870 2192 nescimus
919 2129 1149 2193 utrum
1200 2120 1559 2214 scripserit
1608 2118 1997 2214 Aeschylus
2043 2123 2316 2191 necne?
2419 2118 2649 2192 Giano

265 2244 392 2315 ego
427 2223 785 2294 neminem
818 2224 939 2316 qui
976 2223 1317 2296 rationem
1348 2222 1779 2295 concludere
1807 2223 2150 2308 didicerit,
2189 2219 2379 2295 aliud
2417 2223 2650 2295 istius-

268 2327 451 2398 modi
507 2327 1102 2398 demonstratione
1152 2326 1339 2398 effici
1394 2327 1780 2420 intelligere
1799 2381 1819 2413 ,
1870 2349 2080 2420 quam
2132 2336 2243 2411 ut,
2297 2327 2358 2398 si
2405 2327 2651 2397 fecerit

266 2430 654 2523 Aeschylus
687 2429 906 2501 Ἰλίου
940 2430 1216 2525 πέρσιν,
1258 2431 1564 2524 potuerit
1602 2431 1674 2500 in
1712 2452 1800 2502 ea
1835 2452 1993 2502 esse
2021 2430 2154 2504 iste
2178 2451 2450 2502 versus.
2509 2428 2650 2501 Sed

268 2532 438 2604 haec
474 2556 622 2606 non
659 2555 910 2606 curans
932 2534 1349 2606 Welckerus
1378 2535 1605 2629 pergit
1641 2534 1734 2606 ad
1770 2555 1896 2606 eos
1927 2535 2052 2628 qui
2087 2544 2474 2627 sequuntur
2499 2532 2651 2605 duo
2765 2537 2770 2542 ’

271 2659 540 2710 versus:

469 2739 779 2832 μάλιστα
814 2740 945 2831 μὲν
976 2742 1229 2812 λέοντα
1261 2741 1360 2837 μὴ
1393 2743 1458 2812 ’τ
1493 2740 1691 2812 πόλει
1722 2744 2039 2836 τρέφειν,

466 2843 557 2939 ἢν
593 2843 663 2914 δ’
696 2846 995 2939 ἐκτρέφῃ
1033 2869 1169 2926 τις,
1211 2850 1365 2921 τοῖς
1398 2841 1695 2939 τρόποις
1728 2844 2130 2941 ὑπηρετεῖν,

280 2968 442 3037 quos
507 2947 596 3018 ab
664 2946 821 3039 ipso
882 2946 1344 3041 Aristophane
1408 2947 1763 3041 ingenium
1826 2947 2155 3040 Aeschyli
2209 2947 2653 3040 exprimente

285 3049 580 3121 adiectos
631 3060 893 3121 censet.
970 3050 1062 3120 At
1106 3050 1242 3123 hoc
1288 3049 1440 3120 fieri
1485 3072 1626 3122 non
1669 3060 1940 3147 potest,
1993 3071 2126 3122 uec
2181 3050 2427 3121 credet
2459 3052 2654 3143 quis-

285 3174 476 3243 quam
512 3154 633 3246 qui
666 3164 741 3225 et
774 3154 1197 3246 Aeschylum
1249 3163 1461 3246 atque
1495 3153 2037 3247 Aristophanem
2089 3154 2273 3225 bene
2321 3155 2541 3237 norit,
2581 3164 2658 3224 et

283 3256 444 3327 sciat
476 3256 646 3350 quid
681 3258 955 3349 linguae
990 3255 1170 3329 ratio
1205 3258 1528 3351 postulet.
1587 3258 1763 3327 Nam
1797 3278 1940 3331 non
1973 3258 2202 3329 solum
2236 3258 2368 3351 ipsi
2401 3258 2474 3326 hi
2505 3257 2652 3331 duo

285 3380 515 3435 versus
547 3370 817 3433 tantum
855 3361 1034 3431 inter
1070 3382 1148 3431 se
1185 3361 1467 3445 distant,
1492 3370 1835 3453 quantum
1863 3360 2230 3432 comoedia
2262 3370 2339 3431 et
2375 3370 2654 3453 tragos*

287 3461 390 3533 dia
409 3518 426 3548 ‚
468 3486 709 3536 verum
758 3464 973 3537 etiam
1020 3465 1237 3535 verba
1292 3474 1534 3557 aperte
1587 3464 1967 3536 ostendunt
1985 3518 2003 3549 ‚
2057 3464 2359 3558 priorem
2408 3486 2653 3541 eorum

288 3587 414 3635 non
462 3568 601 3639 dici
649 3568 739 3638 ab
774 3566 1124 3661 Aeschylo
1145 3622 1163 3653 ,
1203 3567 1329 3639 sed
1348 3622 1367 3653 ‚
1407 3569 1466 3639 si
1505 3589 1545 3638 a
1580 3589 1937 3661 quoquam
1955 3622 1974 3653 ‚
2005 3569 2105 3639 ab
2141 3568 2655 3659 interloquente

292 3668 571 3756 Bacch0‚
611 3682 687 3743 ut
721 3673 1021 3766 corrigat
1054 3671 1225 3743 illud
1261 3672 1452 3764 quod
1491 3671 1583 3742 de
1616 3673 1856 3743 catulo
1884 3673 2106 3743 leonis
2133 3672 2310 3742 dixit
2335 3670 2653 3763 Aeschy-

295 3770 408 3842 lus.
463 3775 665 3859 Quod
702 3779 760 3846 si
797 3775 948 3868 ipse
982 3797 1061 3845 se
1086 3776 1470 3868 corrigeret
1495 3773 1911 3869 AeschyluS,
1941 3797 2082 3846 non
2111 3774 2321 3846 modo
2352 3775 2651 3868 ineptuS‚

299 3874 411 3945 sed
453 3878 734 3950 insanus
784 3889 1010 3963 esset,
1060 3879 1183 3972 qui
1235 3877 1445 3951 filium
1506 3880 1731 3949 leonis
1781 3900 1924 3950 non
1976 3890 2048 3949 et
2097 3879 2324 3972 ipsum
2380 3878 2656 3950 videret

299 3976 546 4050 leonem
580 3978 761 4053 esse.
819 3983 932 4052 Ex
966 4004 1105 4074 quo
1145 3983 1615 4075 consequitur,
1654 3981 1988 4076 Aeschyli
2021 3983 2204 4053 hanc
2241 3982 2458 4054 fuisse
2494 4004 2664 4076 gra»

302 4100 617 4154 vissunam
652 4087 1104 4167 sententiam:

485 4191 564 4258 οὐ
596 4189 724 4285 χρὴ
762 4191 1047 4266 λέοντος
1082 4185 1397 4280 σκύμνον
1432 4193 1508 4262 ἐν
1543 4187 1740 4260 πόλει
1764 4191 2079 4284 τρέφειν,

485 4290 566 4384 ἢν
598 4294 666 4361 δ’
705 4295 1003 4387 ἐκτρέφῃ
1039 4317 1177 4380 τις,
1222 4298 1378 4370 τοῖς
1409 4291 1705 4388 τρόποις
1737 4290 2136 4388 ὑπηρετεῖν.

318 4382 397 4454 lta
426 4412 578 4463 vero
615 4396 875 4466 cot-mit
911 4416 1235 4467 eversum
1274 4396 1362 4465 ab
1396 4396 1551 4489 ipso
1586 4395 1941 4490 Aeschylo
1979 4396 2541 4479 fundamentum,
2582 4395 2655 4463 in

321 4505 433 4575 quo
456 4514 643 4567 suam
672 4498 883 4571 Ἰλίου
916 4502 1164 4594 πέρσιν
1201 4500 1546 4570 exstruxit
1583 4499 2010 4571 WelckeruS.
2086 4501 2261 4572 Nam
2297 4501 2356 4571 si
2393 4498 2654 4569 cohae-

323 4591 530 4666 rebant
567 4602 824 4693 primus
874 4612 945 4672 et
992 4602 1236 4673 tertius
1289 4624 1535 4675 versus
1553 4657 1572 4688 ‚
1621 4603 1812 4674 nullo
1860 4613 2066 4697 pacto
2105 4603 2194 4675 de
2229 4603 2651 4694 Astyanacte
