3328 5326
1227 342 1657 408 EURIPIDES.
2502 343 2627 408 207

776 527 874 628 μή
912 558 1039 602 νυν
1074 557 1202 623 μοι
1238 531 1369 603 τὰν
1404 530 1886 624 βακχεύουσαν

878 630 1361 730 Κασσάνδραν
1396 636 1744 728 πε’μψεσθ’
1784 635 1939 724 ἔξω,

878 733 1218 833 αἰσχύνην
1251 737 1689 832 ’Λργειόισιν

866 835 1205 931 μαινάδ’,
1248 842 1345 912 ἐπ’
1390 840 1664 930 ἄλγεσιν
1702 841 2060 931 ἀλγυνθῶ;

273 984 463 1032 »num
516 963 703 1031 foras
757 959 846 1031 ad
897 982 1010 1031 me
1073 959 1443 1032 adducetis
1490 959 1983 1045 Cassandram,
2046 970 2123 1032 ut
2170 962 2262 1032 ad
2314 962 2633 1033 dolorem

271 1065 425 1134 mihi
462 1064 665 1135 dolor
701 1063 998 1135 addatur
1012 1066 1082 1133 57«
1148 1065 1347 1149 Quae
1384 1065 1616 1135 statim
1651 1074 2064 1157 sequuntur,
2102 1075 2295 1136 recte
2333 1066 2400 1135 in
2441 1067 2629 1137 libris

269 1170 361 1239 sic
398 1170 666 1261 scuipta
698 1177 887 1239 sunt:

882 1266 996 1359 lai,

889 1371 1143 1467 Τροία,
1198 1371 1422 1468 Τροία
1457 1369 1771 1460 δύσταν’,
1811 1373 2057 1469 ἔρῤεις.

265 1480 331 1547 ln
361 1476 791 1570 antistropha
818 1499 884 1547 v.
920 1478 1092 1549 298.
1126 1477 1333 1569 plene
1361 1476 1809 1548 scribendum
1838 1476 2145 1567 ἄγαλμα,
2177 1476 2368 1570 quod
2398 1488 2629 1548 autem

269 1582 580 1673 sequitur
613 1580 658 1676 ἢ
695 1581 766 1650 in
801 1580 873 1651 ἐέ
903 1589 1242 1651 mutatum
1278 1578 1659 1672 respondet
1693 1579 2049 1672 strophico
2080 1576 2197 1650 ἰαί.

449 1700 546 1769 V.
593 1699 1023 1773 202-205.
1089 1700 1279 1770 Haec
1332 1709 1657 1793 corrupta
1710 1719 1868 1770 esse
1918 1701 2139 1792 magis
2175 1702 2384 1770 etiam
2421 1723 2626 1793 quam

271 1814 564 1874 metrum
611 1805 996 1873 sententIae
1046 1812 1344 1895 arguunt
1387 1824 1528 1873 non
1573 1824 1803 1873 nexae
1853 1824 2089 1894 neque
2132 1804 2312 1874 inter
2347 1826 2423 1875 se
2462 1826 2631 1874 con-

271 1907 622 1979 ciliabileS.
708 1905 958 1978 Vitiata
1007 1907 1145 1977 iam
1181 1906 1588 1977 scholiastes
1624 1908 1921 1990 invenit,
1959 1907 2157 1976 cuius
2192 1907 2374 1977 hanc
2412 1908 2632 1978 adno-

266 2013 592 2082 tationem
623 2009 997 2080 habemus:
1058 2012 1183 2079 δυν
1209 2062 1472 2079 ......
1500 2007 1678 2104 πρὸς
1702 2008 1834 2105 τὴν
1855 2003 2189 2105 Ἑκάβην,
2228 2011 2308 2080 ἵν’
2339 2006 2383 2104 ᾗ
2412 2011 2623 2081 οὕτω

265 2115 399 2191 πῶς
436 2114 806 2207 αὐταρκῶς
843 2110 1143 2183 δύνασαι
1192 2110 1282 2182 τὰ
1316 2111 1498 2181 κατὰ
1545 2111 1624 2182 σὲ
1666 2112 2052 2207 θρηνῆσαι.
2139 2113 2213 2181 In
2267 2113 2520 2206 quibus
2572 2115 2629 2184 si

263 2215 520 2309 aliquid
565 2217 717 2286 veri
753 2225 970 2300 esset,
1019 2216 1220 2307 sequi
1255 2214 1549 2285 deberet
1595 2213 1724 2303 ἐγώ
1761 2216 1858 2286 δέ.
1945 2213 2283 2307 Apertum
2335 2225 2442 2286 est
2492 2238 2632 2286 una

262 2320 605 2391 sententia
642 2319 773 2389 hos
808 2326 1140 2411 quattuor
1166 2338 1415 2389 versus
1452 2317 1817 2392 contineri.
1874 2317 1967 2386 At
1993 2339 2222 2410 neque
2247 2320 2631 2412 reprehen-

265 2424 424 2494 dere
453 2422 791 2493 Hecubae
818 2422 1142 2515 querelas
1170 2431 1401 2514 potest
1435 2421 1715 2504 choruS‚
1753 2441 1886 2490 nec
1922 2441 2003 2491 se
2034 2423 2255 2514 magis
2283 2444 2492 2514 quam
2518 2424 2634 2494 illa

264 2537 364 2599 est
410 2525 766 2599 infelicem
814 2525 1071 2596 dicere.
1154 2525 1395 2617 Itaque
1448 2525 1930 2617 consequitur,
1984 2534 2061 2594 ut
2110 2536 2508 2597 consortem
2554 2548 2632 2596 se
2701 2595 2705 2599 ,

263 2632 490 2704 luctus
527 2650 688 2701 esse
739 2628 1080 2702 ostendat.
1167 2629 1340 2700 Hinc
1379 2627 1732 2701 Seidlerus
1770 2636 1962 2699 recte
1996 2631 2269 2700 censuit
2303 2629 2419 2699 καὶ
2455 2627 2632 2721 ἐμὰν

268 2736 646 2807 excidisse:
714 2734 843 2805 sed
894 2743 972 2804 ut
1022 2732 1267 2804 ordine
1323 2732 1660 2826 procedat
1712 2733 1958 2815 oratio,
2007 2732 2478 2805 restituendus
2524 2743 2632 2804 est

265 2861 489 2910 nexus
528 2839 1051 2921 sententiarum,
1092 2837 1365 2907 sublata
1403 2837 1968 2928 interrogatione,
2007 2857 2191 2927 quae
2225 2858 2363 2906 non
2404 2847 2634 2930 potest
2648 2856 2753 2918 par

268 2965 421 3014 cum
461 2943 837 3033 negatione
873 2940 1296 3012 consociari:
1337 2950 1446 3010 est
1477 2942 1664 3010 enim
1702 2941 1932 3032 potius
1969 2940 2419 3010 exclamatio:

777 3063 956 3149 αἰαῖ,
999 3058 1230 3136 ποίοις
1267 3060 1331 3129 δ’
1374 3062 1637 3136 οἴκτοις
1672 3058 1805 3133 τὰν
1845 3057 1975 3128 σὰν

774 3162 892 3233 καὶ
927 3162 1105 3255 ἐμὰν
1138 3159 1371 3253 λύμαν
1409 3156 1820 3247 ἐξαιάζουό,

777 3268 902 3337 οὐκ
932 3263 1225 3343 Ἰδαίοις
1263 3270 1485 3349 ἱστοῖς
1519 3263 1792 3360 κερκίδα

882 3365 1216 3440 δινεύουσ’
1257 3364 1619 3450 ἐξαλλάξω.

269 3475 587 3547 Ceterum
646 3471 1179 3565 distinguendae
1230 3481 1396 3543 sunt
1427 3470 1619 3542 vices
1668 3472 2091 3547 cantantium
2128 3494 2196 3543 v.
2241 3472 2409 3543 206.
2455 3472 2537 3543 21
2560 3473 2628 3544 2.

466 3699 542 3767 V.
594 3695 766 3771 243.
849 3696 952 3765 De
1001 3696 1135 3765 hoc
1179 3697 1484 3766 carmine
1522 3695 1670 3766 dixi
1706 3695 1775 3765 in
1813 3696 2131 3793 Epitome
2168 3696 2388 3766 doctr.
2430 3704 2624 3765 metr.

267 3802 328 3895 §.
363 3801 530 3874 727.
617 3799 975 3885 Quaedam
1021 3801 1286 3871 incerta
1325 3808 1504 3869 sunt.
1590 3799 1663 3867 V.
1715 3797 1884 3870 243.
1928 3801 2304 3892 scripserat
2339 3801 2629 3868 fortasse

313 3915 501 3976 oeta:

264 3928 310 3999 p
624 4003 814 4095 τόδε,
855 4003 1042 4094 τόδ’,
1087 3998 1139 4077 ὦ
1179 4002 1412 4099 φίλαι,
1453 4003 1651 4096 τόδ’,
1687 4006 1726 4075 ὃ
1767 4003 1988 4099 φόβος
2024 4001 2261 4077 πάλαι.

267 4126 346 4198 V.
377 4128 543 4201 254.
578 4146 862 4198 servare
899 4124 1243 4197 debebam
1282 4125 1616 4199 librorum
1652 4127 2102 4225 scripturam:

673 4227 798 4299 τίν’
843 4227 981 4322 ἄρα
1016 4227 1125 4305 τίς
1161 4227 1390 4325 ἔλαχε,
1429 4227 1589 4303 τίνα
1624 4225 1901 4325 πότμος
1932 4226 2220 4323 εὐτυχὴς

671 4327 987 4403 Ἰλιάδων
1021 4333 1217 4422 μένει
1234 4360 1260 4424 3

273 4450 348 4521 V.
381 4452 547 4525 275.
580 4450 949 4522 trochaeus
986 4459 1340 4521 semantus
1377 4459 1484 4525 est
1517 4449 1813 4529 ταύταν.

474 4555 548 4625 V.
583 4556 754 4629 298.
811 4555 1001 4626 Haec
1040 4555 1139 4624 sic
1179 4552 1501 4626 videntur
1538 4553 1953 4649 corrigenda
1989 4575 2178 4626 esse:
