<?xml version="1.0" encoding="UTF-8"?>
<!DOCTYPE html PUBLIC "-//W3C//DTD XHTML 1.0 Transitional//EN"
    "http://www.w3.org/TR/xhtml1/DTD/xhtml1-transitional.dtd">
<html xmlns="http://www.w3.org/1999/xhtml" xml:lang="en" lang="en">
 <head>
  <title>
</title>
<meta http-equiv="Content-Type" content="text/html;charset=utf-8" />
  <meta name='ocr-system' content='tesseract 3.04.00' />
  <meta name='ocr-capabilities' content='ocr_page ocr_carea ocr_par ocr_line ocrx_word'/>
</head>
<body>
  <div class='ocr_page' id='page_1' title='image "./godofrediherman02hermgoog/godofrediherman02hermgoog_0350.png"; bbox 0 0 3328 5326; ppageno 0'>
   <div class='ocr_carea' id='block_1_1' title="bbox 686 387 2116 472">
    <p class='ocr_par' dir='ltr' id='par_1_1' title="bbox 686 387 2116 472">
     <span class='ocr_line' id='line_1_1' title="bbox 686 387 2116 472; baseline -0.001 -20"><span class='ocrx_word' id='word_1_1' title='bbox 686 391 810 453; x_wconf 77' lang='lat'>332</span> <span class='ocrx_word' id='word_1_2' title='bbox 1415 468 1419 472; x_wconf 68' lang='lat'><strong>.</strong></span> <span class='ocrx_word' id='word_1_3' title='bbox 1608 387 2116 453; x_wconf 75' lang='lat' dir='ltr'>Tflssocmrus.</span> 
     </span>
    </p>
   </div>
   <div class='ocr_carea' id='block_1_2' title="bbox 565 581 3070 4708">
    <p class='ocr_par' dir='ltr' id='par_1_2' title="bbox 565 581 3070 4708">
     <span class='ocr_line' id='line_1_2' title="bbox 687 581 3059 675; baseline -0 -23"><span class='ocrx_word' id='word_1_4' title='bbox 687 592 926 652; x_wconf 87' lang='lat' dir='ltr'>cetera</span> <span class='ocrx_word' id='word_1_5' title='bbox 962 592 1195 653; x_wconf 86' lang='lat' dir='ltr'>tamen</span> <span class='ocrx_word' id='word_1_6' title='bbox 1234 582 1512 653; x_wconf 80' lang='lat' dir='ltr'>aliunde</span> <span class='ocrx_word' id='word_1_7' title='bbox 1551 581 1823 653; x_wconf 87' lang='lat' dir='ltr'>adiecta</span> <span class='ocrx_word' id='word_1_8' title='bbox 1859 581 2246 654; x_wconf 86' lang='lat' dir='ltr'>videantur.</span> <span class='ocrx_word' id='word_1_9' title='bbox 2306 582 2476 653; x_wconf 84' lang='lat' dir='ltr'>Nam</span> <span class='ocrx_word' id='word_1_10' title='bbox 2516 584 2574 652; x_wconf 89' lang='lat' dir='ltr'>is</span> <span class='ocrx_word' id='word_1_11' title='bbox 2612 583 2731 674; x_wconf 89' lang='lat' dir='ltr'>qui</span> <span class='ocrx_word' id='word_1_12' title='bbox 2767 583 2838 653; x_wconf 92' lang='lat' dir='ltr'>in</span> <span class='ocrx_word' id='word_1_13' title='bbox 2878 582 3059 675; x_wconf 87' lang='lat' dir='ltr'>prin—</span> 
     </span>
     <span class='ocr_line' id='line_1_3' title="bbox 687 685 3052 779; baseline 0 -23"><span class='ocrx_word' id='word_1_14' title='bbox 687 686 870 779; x_wconf 92' lang='lat' dir='ltr'>cipio</span> <span class='ocrx_word' id='word_1_15' title='bbox 923 685 1241 778; x_wconf 83' lang='lat' dir='ltr'>Daphnin</span> <span class='ocrx_word' id='word_1_16' title='bbox 1292 694 1365 755; x_wconf 90' lang='lat' dir='ltr'>et</span> <span class='ocrx_word' id='word_1_17' title='bbox 1418 686 1804 756; x_wconf 79' lang='lat' dir='ltr'>Menalcam</span> <span class='ocrx_word' id='word_1_18' title='bbox 1857 697 1930 756; x_wconf 88' lang='lat' dir='ltr'>ut</span> <span class='ocrx_word' id='word_1_19' title='bbox 1977 695 2383 778; x_wconf 78' lang='lat' dir='ltr'>praesentes</span> <span class='ocrx_word' id='word_1_20' title='bbox 2424 686 2793 778; x_wconf 81' lang='lat' dir='ltr'>alloquitur</span> <span class='ocrx_word' id='word_1_21' title='bbox 2839 695 3052 756; x_wconf 87' lang='lat' dir='ltr'>certa·</span> 
     </span>
     <span class='ocr_line' id='line_1_4' title="bbox 686 787 3057 883; baseline 0 -25"><span class='ocrx_word' id='word_1_22' title='bbox 686 811 905 881; x_wconf 91' lang='lat' dir='ltr'>reque</span> <span class='ocrx_word' id='word_1_23' title='bbox 945 789 1157 872; x_wconf 87' lang='lat' dir='ltr'>iubet,</span> <span class='ocrx_word' id='word_1_24' title='bbox 1197 810 1385 873; x_wconf 81' lang='lat' dir='ltr'>mOX,</span> <span class='ocrx_word' id='word_1_25' title='bbox 1426 787 1621 860; x_wconf 88' lang='lat' dir='ltr'>finito</span> <span class='ocrx_word' id='word_1_26' title='bbox 1660 798 1871 860; x_wconf 75' lang='lat' dir='ltr'>cantu</span> <span class='ocrx_word' id='word_1_27' title='bbox 1899 788 2305 882; x_wconf 82' lang='lat' dir='ltr'>Daphnidis,</span> <span class='ocrx_word' id='word_1_28' title='bbox 2343 791 2536 883; x_wconf 90' lang='lat' dir='ltr'>prius</span> <span class='ocrx_word' id='word_1_29' title='bbox 2564 809 2775 881; x_wconf 88' lang='lat' dir='ltr'>quam</span> <span class='ocrx_word' id='word_1_30' title='bbox 2809 810 3057 860; x_wconf 90' lang='lat' dir='ltr'>canere</span> 
     </span>
     <span class='ocr_line' id='line_1_5' title="bbox 685 892 3058 986; baseline 0 -25"><span class='ocrx_word' id='word_1_31' title='bbox 685 893 920 985; x_wconf 89' lang='lat' dir='ltr'>coepit</span> <span class='ocrx_word' id='word_1_32' title='bbox 955 893 1337 976; x_wconf 84' lang='lat' dir='ltr'>MenalcaS,</span> <span class='ocrx_word' id='word_1_33' title='bbox 1394 902 1748 985; x_wconf 85' lang='lat' dir='ltr'>tamquam</span> <span class='ocrx_word' id='word_1_34' title='bbox 1785 892 1876 963; x_wconf 89' lang='lat' dir='ltr'>de</span> <span class='ocrx_word' id='word_1_35' title='bbox 1913 915 1988 963; x_wconf 88' lang='lat' dir='ltr'>re</span> <span class='ocrx_word' id='word_1_36' title='bbox 2024 894 2395 986; x_wconf 89' lang='lat' dir='ltr'>praeterita</span> <span class='ocrx_word' id='word_1_37' title='bbox 2451 894 2788 984; x_wconf 80' lang='lat' dir='ltr'>loquitur-3</span> <span class='ocrx_word' id='word_1_38' title='bbox 2849 915 3058 985; x_wconf 89' lang='lat' dir='ltr'>quum</span> 
     </span>
     <span class='ocr_line' id='line_1_6' title="bbox 686 996 3058 1082; baseline 0.001 -17"><span class='ocrx_word' id='word_1_39' title='bbox 686 1005 920 1066; x_wconf 87' lang='lat' dir='ltr'>autem</span> <span class='ocrx_word' id='word_1_40' title='bbox 957 996 1166 1066; x_wconf 88' lang='lat' dir='ltr'>etiam</span> <span class='ocrx_word' id='word_1_41' title='bbox 1204 996 1555 1066; x_wconf 84' lang='lat' dir='ltr'>Menalcas</span> <span class='ocrx_word' id='word_1_42' title='bbox 1593 1016 1878 1066; x_wconf 89' lang='lat' dir='ltr'>carmen</span> <span class='ocrx_word' id='word_1_43' title='bbox 1914 1018 2113 1067; x_wconf 92' lang='lat' dir='ltr'>suum</span> <span class='ocrx_word' id='word_1_44' title='bbox 2153 998 2472 1082; x_wconf 84' lang='lat' dir='ltr'>absolvit,</span> <span class='ocrx_word' id='word_1_45' title='bbox 2511 1018 2653 1066; x_wconf 88' lang='lat' dir='ltr'>non</span> <span class='ocrx_word' id='word_1_46' title='bbox 2691 996 2781 1066; x_wconf 91' lang='lat' dir='ltr'>ad</span> <span class='ocrx_word' id='word_1_47' title='bbox 2819 996 2951 1067; x_wconf 92' lang='lat' dir='ltr'>hos</span> <span class='ocrx_word' id='word_1_48' title='bbox 2988 1018 3058 1068; x_wconf 89' lang='lat' dir='ltr'>se</span> 
     </span>
     <span class='ocr_line' id='line_1_7' title="bbox 688 1099 3060 1192; baseline 0.001 -24"><span class='ocrx_word' id='word_1_49' title='bbox 688 1101 1034 1169; x_wconf 87' lang='lat' dir='ltr'>convertit</span> <span class='ocrx_word' id='word_1_50' title='bbox 1083 1108 1158 1170; x_wconf 92' lang='lat' dir='ltr'>ut</span> <span class='ocrx_word' id='word_1_51' title='bbox 1193 1120 1315 1169; x_wconf 91' lang='lat' dir='ltr'>eos</span> <span class='ocrx_word' id='word_1_52' title='bbox 1353 1099 1735 1185; x_wconf 83' lang='lat' dir='ltr'>collaudet,</span> <span class='ocrx_word' id='word_1_53' title='bbox 1788 1099 1917 1170; x_wconf 91' lang='lat' dir='ltr'>sed</span> <span class='ocrx_word' id='word_1_54' title='bbox 1955 1109 2189 1170; x_wconf 86' lang='lat' dir='ltr'>narrat</span> <span class='ocrx_word' id='word_1_55' title='bbox 2226 1121 2408 1192; x_wconf 87' lang='lat' dir='ltr'>quae</span> <span class='ocrx_word' id='word_1_56' title='bbox 2448 1102 2718 1192; x_wconf 87' lang='lat' dir='ltr'>utrique</span> <span class='ocrx_word' id='word_1_57' title='bbox 2755 1102 3060 1192; x_wconf 84' lang='lat' dir='ltr'>praemia</span> 
     </span>
     <span class='ocr_line' id='line_1_8' title="bbox 565 1202 3058 1296; baseline -0.002 -18"><span class='ocrx_word' id='word_1_58' title='bbox 565 1226 619 1278; x_wconf 75' lang='lat' dir='ltr'>p·</span> <span class='ocrx_word' id='word_1_59' title='bbox 637 1216 665 1263; x_wconf 76' lang='lat'><strong>⁶</strong></span> <span class='ocrx_word' id='word_1_60' title='bbox 685 1202 1077 1286; x_wconf 87' lang='lat' dir='ltr'>donaverit,</span> <span class='ocrx_word' id='word_1_61' title='bbox 1110 1202 1440 1295; x_wconf 84' lang='lat' dir='ltr'>quodque</span> <span class='ocrx_word' id='word_1_62' title='bbox 1467 1203 1598 1273; x_wconf 81' lang='lat' dir='ltr'>illis</span> <span class='ocrx_word' id='word_1_63' title='bbox 1623 1203 1789 1274; x_wconf 86' lang='lat' dir='ltr'>dein</span> <span class='ocrx_word' id='word_1_64' title='bbox 1818 1203 1967 1296; x_wconf 89' lang='lat' dir='ltr'>ipse</span> <span class='ocrx_word' id='word_1_65' title='bbox 1996 1225 2280 1273; x_wconf 84' lang='lat' dir='ltr'>carmen</span> <span class='ocrx_word' id='word_1_66' title='bbox 2309 1204 2660 1274; x_wconf 78' lang='lat' dir='ltr'>cecinerit:</span> <span class='ocrx_word' id='word_1_67' title='bbox 2716 1203 2857 1274; x_wconf 86' lang='lat' dir='ltr'>Se&#39;d</span> <span class='ocrx_word' id='word_1_68' title='bbox 2889 1204 3058 1274; x_wconf 86' lang='lat' dir='ltr'>haec</span> 
     </span>
     <span class='ocr_line' id='line_1_9' title="bbox 687 1305 3058 1400; baseline 0.001 -24"><span class='ocrx_word' id='word_1_69' title='bbox 687 1305 969 1398; x_wconf 90' lang='lat' dir='ltr'>quidem</span> <span class='ocrx_word' id='word_1_70' title='bbox 1009 1328 1194 1376; x_wconf 89' lang='lat' dir='ltr'>nunc</span> <span class='ocrx_word' id='word_1_71' title='bbox 1232 1306 1442 1376; x_wconf 86' lang='lat' dir='ltr'>missa</span> <span class='ocrx_word' id='word_1_72' title='bbox 1471 1308 1686 1378; x_wconf 84' lang='lat' dir='ltr'>facio:</span> <span class='ocrx_word' id='word_1_73' title='bbox 1727 1306 1899 1378; x_wconf 91' lang='lat' dir='ltr'>illud</span> <span class='ocrx_word' id='word_1_74' title='bbox 1928 1329 2067 1378; x_wconf 90' lang='lat' dir='ltr'>non</span> <span class='ocrx_word' id='word_1_75' title='bbox 2097 1318 2202 1378; x_wconf 88' lang='lat' dir='ltr'>est</span> <span class='ocrx_word' id='word_1_76' title='bbox 2231 1306 2843 1400; x_wconf 86' lang='lat' dir='ltr'>praetereundum,</span> <span class='ocrx_word' id='word_1_77' title='bbox 2872 1307 3058 1400; x_wconf 91' lang='lat' dir='ltr'>quod</span> 
     </span>
     <span class='ocr_line' id='line_1_10' title="bbox 687 1409 3060 1503; baseline 0.001 -24"><span class='ocrx_word' id='word_1_78' title='bbox 687 1409 896 1479; x_wconf 90' lang='lat' dir='ltr'>etiam</span> <span class='ocrx_word' id='word_1_79' title='bbox 933 1409 1136 1480; x_wconf 89' lang='lat' dir='ltr'>huius</span> <span class='ocrx_word' id='word_1_80' title='bbox 1175 1409 1476 1480; x_wconf 90' lang='lat' dir='ltr'>hominis</span> <span class='ocrx_word' id='word_1_81' title='bbox 1515 1432 1796 1481; x_wconf 89' lang='lat' dir='ltr'>carmen</span> <span class='ocrx_word' id='word_1_82' title='bbox 1845 1420 2114 1503; x_wconf 86' lang='lat' dir='ltr'>septem</span> <span class='ocrx_word' id='word_1_83' title='bbox 2150 1432 2396 1482; x_wconf 88' lang='lat' dir='ltr'>versus</span> <span class='ocrx_word' id='word_1_84' title='bbox 2441 1412 2673 1482; x_wconf 84' lang='lat' dir='ltr'>habet.</span> <span class='ocrx_word' id='word_1_85' title='bbox 2758 1410 2851 1480; x_wconf 91' lang='lat' dir='ltr'>At</span> <span class='ocrx_word' id='word_1_86' title='bbox 2895 1432 3060 1481; x_wconf 89' lang='lat' dir='ltr'>vero</span> 
     </span>
     <span class='ocr_line' id='line_1_11' title="bbox 687 1513 1622 1606; baseline 0.002 -25"><span class='ocrx_word' id='word_1_87' title='bbox 687 1513 936 1584; x_wconf 90' lang='lat' dir='ltr'>horum</span> <span class='ocrx_word' id='word_1_88' title='bbox 972 1534 1300 1584; x_wconf 89' lang='lat' dir='ltr'>versuum</span> <span class='ocrx_word' id='word_1_89' title='bbox 1336 1515 1622 1606; x_wconf 81' lang='lat' dir='ltr'>primuS,</span> 
     </span>
     <span class='ocr_line' id='line_1_12' title="bbox 891 1612 2643 1712; baseline 0.001 -27"><span class='ocrx_word' id='word_1_90' title='bbox 891 1617 1124 1712; x_wconf 80' lang='grc' dir='ltr'><strong><em>μηκέτ’</em></strong></span> <span class='ocrx_word' id='word_1_91' title='bbox 1164 1616 1276 1687; x_wconf 79' lang='grc' dir='ltr'>ἐπὶ</span> <span class='ocrx_word' id='word_1_92' title='bbox 1311 1614 1625 1706; x_wconf 75' lang='grc' dir='ltr'><em>γλώσσας</em></span> <span class='ocrx_word' id='word_1_93' title='bbox 1661 1616 1877 1712; x_wconf 82' lang='grc' dir='ltr'><strong><em>ἄκρας</em></strong></span> <span class='ocrx_word' id='word_1_94' title='bbox 1920 1612 2358 1710; x_wconf 72' lang='grc' dir='ltr'><strong><em>ὀλοφυγὸόνα</em></strong></span> <span class='ocrx_word' id='word_1_95' title='bbox 2388 1613 2643 1711; x_wconf 79' lang='grc' dir='ltr'><strong><em>φύσῃς,</em></strong></span> 
     </span>
     <span class='ocr_line' id='line_1_13' title="bbox 686 1718 3064 1813; baseline 0 -25"><span class='ocrx_word' id='word_1_96' title='bbox 686 1718 775 1789; x_wconf 91' lang='lat' dir='ltr'>ab</span> <span class='ocrx_word' id='word_1_97' title='bbox 813 1740 888 1789; x_wconf 90' lang='lat' dir='ltr'>re</span> <span class='ocrx_word' id='word_1_98' title='bbox 926 1719 1388 1790; x_wconf 84' lang='lat' dir='ltr'>alienissimus</span> <span class='ocrx_word' id='word_1_99' title='bbox 1426 1730 1554 1804; x_wconf 87' lang='lat' dir='ltr'>est,</span> <span class='ocrx_word' id='word_1_100' title='bbox 1595 1719 2229 1813; x_wconf 83' lang='lat' dir='ltr'>expellendumque</span> <span class='ocrx_word' id='word_1_101' title='bbox 2258 1742 2416 1791; x_wconf 88' lang='lat' dir='ltr'>esse</span> <span class='ocrx_word' id='word_1_102' title='bbox 2452 1742 2539 1792; x_wconf 93' lang='lat' dir='ltr'>eo</span> <span class='ocrx_word' id='word_1_103' title='bbox 2576 1742 2857 1813; x_wconf 90' lang='lat' dir='ltr'>quoque</span> <span class='ocrx_word' id='word_1_104' title='bbox 2897 1743 3064 1792; x_wconf 87' lang='lat' dir='ltr'>con-</span> 
     </span>
     <span class='ocr_line' id='line_1_14' title="bbox 685 1821 3069 1917; baseline 0.002 -26"><span class='ocrx_word' id='word_1_105' title='bbox 685 1821 1019 1907; x_wconf 86' lang='lat' dir='ltr'>firmatur,</span> <span class='ocrx_word' id='word_1_106' title='bbox 1059 1823 1246 1915; x_wconf 85' lang='lat' dir='ltr'>quod</span> <span class='ocrx_word' id='word_1_107' title='bbox 1287 1824 1579 1916; x_wconf 89' lang='lat' dir='ltr'>expulso</span> <span class='ocrx_word' id='word_1_108' title='bbox 1617 1846 1761 1893; x_wconf 93' lang='lat' dir='ltr'>non</span> <span class='ocrx_word' id='word_1_109' title='bbox 1799 1825 2013 1894; x_wconf 90' lang='lat' dir='ltr'>minui</span> <span class='ocrx_word' id='word_1_110' title='bbox 2041 1846 2403 1895; x_wconf 87' lang='lat' dir='ltr'>numerum</span> <span class='ocrx_word' id='word_1_111' title='bbox 2442 1825 2913 1917; x_wconf 87' lang='lat' dir='ltr'>septenarium</span> <span class='ocrx_word' id='word_1_112' title='bbox 2952 1827 3069 1895; x_wconf 83' lang='lat' dir='ltr'>vix</span> 
     </span>
     <span class='ocr_line' id='line_1_15' title="bbox 682 1925 3070 2021; baseline 0 -25"><span class='ocrx_word' id='word_1_113' title='bbox 682 1925 900 1997; x_wconf 89' lang='lat' dir='ltr'>dubia</span> <span class='ocrx_word' id='word_1_114' title='bbox 941 1928 1140 1997; x_wconf 89' lang='lat' dir='ltr'>unius</span> <span class='ocrx_word' id='word_1_115' title='bbox 1177 1948 1424 1998; x_wconf 87' lang='lat' dir='ltr'>versus</span> <span class='ocrx_word' id='word_1_116' title='bbox 1460 1928 1726 1999; x_wconf 86' lang='lat' dir='ltr'>iactura</span> <span class='ocrx_word' id='word_1_117' title='bbox 1766 1926 2089 1997; x_wconf 88' lang='lat' dir='ltr'>ostendit.</span> <span class='ocrx_word' id='word_1_118' title='bbox 2176 1928 2347 1996; x_wconf 92' lang='lat' dir='ltr'>Nam</span> <span class='ocrx_word' id='word_1_119' title='bbox 2395 1937 2466 1998; x_wconf 88' lang='lat' dir='ltr'>et</span> <span class='ocrx_word' id='word_1_120' title='bbox 2520 1928 2754 2021; x_wconf 85' lang='lat' dir='ltr'>inepta</span> <span class='ocrx_word' id='word_1_121' title='bbox 2802 1939 2965 1999; x_wconf 91' lang='lat' dir='ltr'>sunt</span> <span class='ocrx_word' id='word_1_122' title='bbox 3002 1939 3070 1998; x_wconf 90' lang='lat' dir='ltr'>et</span> 
     </span>
     <span class='ocr_line' id='line_1_16' title="bbox 681 2029 1490 2123; baseline 0.001 -24"><span class='ocrx_word' id='word_1_123' title='bbox 681 2039 1015 2123; x_wconf 87' lang='lat' dir='ltr'>corrupta</span> <span class='ocrx_word' id='word_1_124' title='bbox 1054 2029 1228 2099; x_wconf 91' lang='lat' dir='ltr'>haec</span> <span class='ocrx_word' id='word_1_125' title='bbox 1264 2053 1334 2100; x_wconf 91' lang='lat' dir='ltr'>v.</span> <span class='ocrx_word' id='word_1_126' title='bbox 1372 2029 1490 2101; x_wconf 86' lang='lat'>33.</span> 
     </span>
     <span class='ocr_line' id='line_1_17' title="bbox 1075 2132 2538 2228; baseline 0.001 -26"><span class='ocrx_word' id='word_1_127' title='bbox 1075 2143 1080 2147; x_wconf 79' lang='grc'><strong>’</strong></span> <span class='ocrx_word' id='word_1_128' title='bbox 1926 2132 2089 2203; x_wconf 81' lang='grc' dir='ltr'><strong><em>οὔτε</em></strong></span> <span class='ocrx_word' id='word_1_129' title='bbox 2122 2132 2254 2228; x_wconf 84' lang='grc' dir='ltr'>γὰρ</span> <span class='ocrx_word' id='word_1_130' title='bbox 2291 2132 2538 2222; x_wconf 82' lang='grc' dir='ltr'><strong><em>ὕπνος,</em></strong></span> 
     </span>
     <span class='ocr_line' id='line_1_18' title="bbox 893 2231 2747 2331; baseline 0.002 -26"><span class='ocrx_word' id='word_1_131' title='bbox 893 2236 1037 2306; x_wconf 80' lang='grc' dir='ltr'><strong><em>οὔτ’</em></strong></span> <span class='ocrx_word' id='word_1_132' title='bbox 1079 2235 1200 2330; x_wconf 81' lang='grc' dir='ltr'>ἔαρ</span> <span class='ocrx_word' id='word_1_133' title='bbox 1238 2235 1568 2320; x_wconf 79' lang='grc' dir='ltr'><strong><em>ἐξαπίνας</em></strong></span> <span class='ocrx_word' id='word_1_134' title='bbox 1601 2231 2142 2331; x_wconf 71' lang='grc' dir='ltr'><strong><em>γλυκερώτερον,</em></strong></span> <span class='ocrx_word' id='word_1_135' title='bbox 2184 2236 2351 2307; x_wconf 78' lang='grc' dir='ltr'><strong><em>οὔτε</em></strong></span> <span class='ocrx_word' id='word_1_136' title='bbox 2384 2234 2747 2326; x_wconf 79' lang='grc' dir='ltr'><strong><em>μελίσσαις</em></strong></span> 
     </span>
     <span class='ocr_line' id='line_1_19' title="bbox 894 2338 2700 2414; baseline 0.003 -6"><span class='ocrx_word' id='word_1_137' title='bbox 894 2338 1146 2410; x_wconf 73' lang='grc' dir='ltr'><strong><em>ἄνθεα.</em></strong></span> <span class='ocrx_word' id='word_1_138' title='bbox 2691 2406 2700 2414; x_wconf 91' lang='grc'>.</span> 
     </span>
     <span class='ocr_line' id='line_1_20' title="bbox 685 2441 3065 2538; baseline 0.003 -28"><span class='ocrx_word' id='word_1_139' title='bbox 685 2441 1158 2536; x_wconf 85' lang='lat' dir='ltr'>Praepropere</span> <span class='ocrx_word' id='word_1_140' title='bbox 1195 2443 1275 2513; x_wconf 91' lang='lat' dir='ltr'>D.</span> <span class='ocrx_word' id='word_1_141' title='bbox 1319 2442 1640 2513; x_wconf 87' lang='lat' dir='ltr'>Heinsius</span> <span class='ocrx_word' id='word_1_142' title='bbox 1679 2442 2077 2514; x_wconf 84' lang='lat' dir='ltr'>exsultabat</span> <span class='ocrx_word' id='word_1_143' title='bbox 2112 2443 2514 2516; x_wconf 85' lang='lat' dir='ltr'>coniectura</span> <span class='ocrx_word' id='word_1_144' title='bbox 2549 2463 2759 2536; x_wconf 84' lang='lat' dir='ltr'>quam</span> <span class='ocrx_word' id='word_1_145' title='bbox 2788 2468 2854 2538; x_wconf 91' lang='lat' dir='ltr'>p.</span> <span class='ocrx_word' id='word_1_146' title='bbox 2893 2444 3065 2516; x_wconf 75' lang='lat'><strong>349.</strong></span> 
     </span>
     <span class='ocr_line' id='line_1_21' title="bbox 685 2543 3068 2642; baseline 0.003 -29"><span class='ocrx_word' id='word_1_147' title='bbox 685 2545 1003 2637; x_wconf 88' lang='lat' dir='ltr'>protulit,</span> <span class='ocrx_word' id='word_1_148' title='bbox 1072 2545 1214 2615; x_wconf 85' lang='grc' dir='ltr'><strong><em>οὔτ’</em></strong></span> <span class='ocrx_word' id='word_1_149' title='bbox 1276 2544 1400 2640; x_wconf 81' lang='grc' dir='ltr'>ἔαρ</span> <span class='ocrx_word' id='word_1_150' title='bbox 1450 2544 1850 2641; x_wconf 78' lang='grc' dir='ltr'><strong><em>ἐργατίναις</em></strong></span> <span class='ocrx_word' id='word_1_151' title='bbox 1913 2543 2461 2642; x_wconf 73' lang='grc' dir='ltr'><strong><em>γλυκερώτερον,</em></strong></span> <span class='ocrx_word' id='word_1_152' title='bbox 2530 2570 2670 2618; x_wconf 92' lang='lat' dir='ltr'>non</span> <span class='ocrx_word' id='word_1_153' title='bbox 2735 2560 3068 2641; x_wconf 89' lang='lat' dir='ltr'>reputans</span> 
     </span>
     <span class='ocr_line' id='line_1_22' title="bbox 684 2647 3066 2744; baseline 0.002 -26"><span class='ocrx_word' id='word_1_154' title='bbox 684 2671 929 2740; x_wconf 83' lang='lat' dir='ltr'>agrum</span> <span class='ocrx_word' id='word_1_155' title='bbox 965 2647 1487 2740; x_wconf 79' lang='lat' dir='ltr'>quidemsuum</span> <span class='ocrx_word' id='word_1_156' title='bbox 1525 2650 1796 2720; x_wconf 90' lang='lat' dir='ltr'>culturo</span> <span class='ocrx_word' id='word_1_157' title='bbox 1835 2671 1962 2720; x_wconf 88' lang='lat' dir='ltr'>ver</span> <span class='ocrx_word' id='word_1_158' title='bbox 2013 2659 2418 2744; x_wconf 82' lang='lat' dir='ltr'>exoptatum</span> <span class='ocrx_word' id='word_1_159' title='bbox 2470 2652 2751 2737; x_wconf 87' lang='lat' dir='ltr'>venire,</span> <span class='ocrx_word' id='word_1_160' title='bbox 2807 2663 2879 2724; x_wconf 92' lang='lat' dir='ltr'>at</span> <span class='ocrx_word' id='word_1_161' title='bbox 2929 2674 3066 2723; x_wconf 92' lang='lat' dir='ltr'>non</span> 
     </span>
     <span class='ocr_line' id='line_1_23' title="bbox 684 2752 3062 2849; baseline 0.003 -28"><span class='ocrx_word' id='word_1_162' title='bbox 684 2753 851 2822; x_wconf 88' lang='lat' dir='ltr'>item</span> <span class='ocrx_word' id='word_1_163' title='bbox 888 2752 1018 2822; x_wconf 90' lang='lat' dir='ltr'>illis</span> <span class='ocrx_word' id='word_1_164' title='bbox 1055 2774 1231 2844; x_wconf 88' lang='lat' dir='ltr'>quos</span> <span class='ocrx_word' id='word_1_165' title='bbox 1267 2753 1500 2845; x_wconf 88' lang='lat' dir='ltr'>operis</span> <span class='ocrx_word' id='word_1_166' title='bbox 1538 2753 1606 2822; x_wconf 90' lang='lat' dir='ltr'>in</span> <span class='ocrx_word' id='word_1_167' title='bbox 1645 2774 1814 2844; x_wconf 78' lang='lat' dir='ltr'>agro</span> <span class='ocrx_word' id='word_1_168' title='bbox 1853 2754 2158 2824; x_wconf 87' lang='lat' dir='ltr'>faciundi</span> <span class='ocrx_word' id='word_1_169' title='bbox 2188 2755 2386 2825; x_wconf 88' lang='lat' dir='ltr'>labor</span> <span class='ocrx_word' id='word_1_170' title='bbox 2413 2764 2879 2849; x_wconf 81' lang='lat' dir='ltr'>exspectaret.</span> <span class='ocrx_word' id='word_1_171' title='bbox 2941 2758 3062 2828; x_wconf 80' lang='lat' dir='ltr'>Fe·</span> 
     </span>
     <span class='ocr_line' id='line_1_24' title="bbox 685 2854 3063 2952; baseline 0.003 -28"><span class='ocrx_word' id='word_1_172' title='bbox 685 2856 909 2925; x_wconf 87' lang='lat' dir='ltr'>liciter</span> <span class='ocrx_word' id='word_1_173' title='bbox 946 2865 1181 2925; x_wconf 90' lang='lat' dir='ltr'>tamen</span> <span class='ocrx_word' id='word_1_174' title='bbox 1217 2856 1576 2928; x_wconf 80' lang='lat' dir='ltr'>iuventum</span> <span class='ocrx_word' id='word_1_175' title='bbox 1614 2866 1723 2927; x_wconf 91' lang='lat' dir='ltr'>est</span> <span class='ocrx_word' id='word_1_176' title='bbox 1756 2854 2179 2952; x_wconf 77' lang='grc' dir='ltr'><strong><em>ἐργατίναις,</em></strong></span> <span class='ocrx_word' id='word_1_177' title='bbox 2213 2860 2273 2929; x_wconf 90' lang='lat' dir='ltr'>si</span> <span class='ocrx_word' id='word_1_178' title='bbox 2303 2880 2463 2930; x_wconf 89' lang='lat' dir='ltr'>cum</span> <span class='ocrx_word' id='word_1_179' title='bbox 2489 2859 2948 2930; x_wconf 86' lang='lat' dir='ltr'>Valckenario</span> <span class='ocrx_word' id='word_1_180' title='bbox 2978 2861 3063 2930; x_wconf 90' lang='lat' dir='ltr'>ab</span> 
     </span>
     <span class='ocr_line' id='line_1_25' title="bbox 685 2959 3061 3058; baseline 0.001 -29"><span class='ocrx_word' id='word_1_181' title='bbox 685 2959 956 3030; x_wconf 87' lang='lat' dir='ltr'>Eldikio</span> <span class='ocrx_word' id='word_1_182' title='bbox 1016 2970 1382 3053; x_wconf 87' lang='lat' dir='ltr'>acceptum</span> <span class='ocrx_word' id='word_1_183' title='bbox 1448 2960 1612 3055; x_wconf 75' lang='grc' dir='ltr'>ἕὸαρ</span> <span class='ocrx_word' id='word_1_184' title='bbox 1677 2960 2148 3045; x_wconf 84' lang='lat' dir='ltr'>substituitur,</span> <span class='ocrx_word' id='word_1_185' title='bbox 2234 2960 2377 3032; x_wconf 83' lang='grc' dir='ltr'><strong><em>οὔτ’</em></strong></span> <span class='ocrx_word' id='word_1_186' title='bbox 2441 2961 2604 3058; x_wconf 74' lang='grc' dir='ltr'><strong><em>ἔδαρ</em></strong></span> <span class='ocrx_word' id='word_1_187' title='bbox 2667 2962 3061 3057; x_wconf 80' lang='grc' dir='ltr'><strong><em>ἐργατίναις</em></strong></span> 
     </span>
     <span class='ocr_line' id='line_1_26' title="bbox 679 3061 3062 3160; baseline 0.001 -27"><span class='ocrx_word' id='word_1_188' title='bbox 679 3061 1219 3160; x_wconf 75' lang='grc' dir='ltr'><strong><em>γλυκερώτερον.</em></strong></span> <span class='ocrx_word' id='word_1_189' title='bbox 1307 3066 1458 3148; x_wconf 87' lang='lat' dir='ltr'>Qua</span> <span class='ocrx_word' id='word_1_190' title='bbox 1504 3066 1573 3135; x_wconf 91' lang='lat' dir='ltr'>in</span> <span class='ocrx_word' id='word_1_191' title='bbox 1612 3066 1953 3157; x_wconf 88' lang='lat' dir='ltr'>scriptura</span> <span class='ocrx_word' id='word_1_192' title='bbox 1991 3065 2122 3134; x_wconf 86' lang='lat' dir='ltr'>etsi</span> <span class='ocrx_word' id='word_1_193' title='bbox 2159 3064 2327 3137; x_wconf 90' lang='lat' dir='ltr'>nihil</span> <span class='ocrx_word' id='word_1_194' title='bbox 2366 3076 2476 3136; x_wconf 90' lang='lat' dir='ltr'>est</span> <span class='ocrx_word' id='word_1_195' title='bbox 2510 3065 2698 3158; x_wconf 89' lang='lat' dir='ltr'>quod</span> <span class='ocrx_word' id='word_1_196' title='bbox 2736 3068 2902 3137; x_wconf 87' lang='lat' dir='ltr'>ferri</span> <span class='ocrx_word' id='word_1_197' title='bbox 2941 3087 3062 3136; x_wconf 84' lang='lat' dir='ltr'>ne-</span> 
     </span>
     <span class='ocr_line' id='line_1_27' title="bbox 678 3167 3060 3261; baseline 0 -23"><span class='ocrx_word' id='word_1_198' title='bbox 678 3179 929 3259; x_wconf 81' lang='lat' dir='ltr'>queat,</span> <span class='ocrx_word' id='word_1_199' title='bbox 988 3179 1219 3239; x_wconf 88' lang='lat' dir='ltr'>tamen</span> <span class='ocrx_word' id='word_1_200' title='bbox 1256 3177 1330 3238; x_wconf 84' lang='lat' dir='ltr'>et</span> <span class='ocrx_word' id='word_1_201' title='bbox 1365 3167 1802 3240; x_wconf 86' lang='lat' dir='ltr'>consuetudo</span> <span class='ocrx_word' id='word_1_202' title='bbox 1841 3167 2088 3239; x_wconf 89' lang='lat' dir='ltr'>horum</span> <span class='ocrx_word' id='word_1_203' title='bbox 2127 3180 2488 3261; x_wconf 87' lang='lat' dir='ltr'>poetarum</span> <span class='ocrx_word' id='word_1_204' title='bbox 2525 3170 2773 3241; x_wconf 88' lang='lat' dir='ltr'>suadet</span> <span class='ocrx_word' id='word_1_205' title='bbox 2813 3182 2888 3240; x_wconf 91' lang='lat' dir='ltr'>ut</span> <span class='ocrx_word' id='word_1_206' title='bbox 2925 3170 3060 3241; x_wconf 89' lang='lat' dir='ltr'>sin-</span> 
     </span>
     <span class='ocr_line' id='line_1_28' title="bbox 679 3271 3062 3364; baseline 0 -23"><span class='ocrx_word' id='word_1_207' title='bbox 679 3271 860 3362; x_wconf 80' lang='lat' dir='ltr'>gulis</span> <span class='ocrx_word' id='word_1_208' title='bbox 899 3272 1165 3363; x_wconf 82' lang='lat' dir='ltr'>singula</span> <span class='ocrx_word' id='word_1_209' title='bbox 1201 3272 1434 3364; x_wconf 92' lang='lat' dir='ltr'>potius</span> <span class='ocrx_word' id='word_1_210' title='bbox 1467 3293 1679 3364; x_wconf 91' lang='lat' dir='ltr'>quam</span> <span class='ocrx_word' id='word_1_211' title='bbox 1733 3271 1874 3342; x_wconf 89' lang='lat' dir='ltr'>duo</span> <span class='ocrx_word' id='word_1_212' title='bbox 1923 3273 2293 3344; x_wconf 89' lang='lat' dir='ltr'>coniuncta</span> <span class='ocrx_word' id='word_1_213' title='bbox 2345 3273 2456 3344; x_wconf 90' lang='lat' dir='ltr'>uni</span> <span class='ocrx_word' id='word_1_214' title='bbox 2492 3273 2723 3345; x_wconf 89' lang='lat' dir='ltr'>dulcia</span> <span class='ocrx_word' id='word_1_215' title='bbox 2762 3295 2921 3344; x_wconf 90' lang='lat' dir='ltr'>esse</span> <span class='ocrx_word' id='word_1_216' title='bbox 2960 3273 3062 3344; x_wconf 85' lang='lat' dir='ltr'>di-</span> 
     </span>
     <span class='ocr_line' id='line_1_29' title="bbox 680 3373 3052 3469; baseline 0.002 -27"><span class='ocrx_word' id='word_1_217' title='bbox 680 3382 963 3458; x_wconf 88' lang='lat' dir='ltr'>cantur,</span> <span class='ocrx_word' id='word_1_218' title='bbox 1018 3384 1089 3444; x_wconf 90' lang='lat' dir='ltr'>et</span> <span class='ocrx_word' id='word_1_219' title='bbox 1134 3375 1609 3445; x_wconf 87' lang='lat' dir='ltr'>commendari</span> <span class='ocrx_word' id='word_1_220' title='bbox 1656 3374 1729 3446; x_wconf 90' lang='lat' dir='ltr'>id</span> <span class='ocrx_word' id='word_1_221' title='bbox 1781 3373 2060 3445; x_wconf 91' lang='lat' dir='ltr'>videtur</span> <span class='ocrx_word' id='word_1_222' title='bbox 2107 3376 2327 3447; x_wconf 87' lang='lat' dir='ltr'>Latini</span> <span class='ocrx_word' id='word_1_223' title='bbox 2367 3387 2616 3469; x_wconf 89' lang='lat' dir='ltr'>poetae</span> <span class='ocrx_word' id='word_1_224' title='bbox 2654 3378 3052 3459; x_wconf 87' lang='lat' dir='ltr'>imitatione,</span> 
     </span>
     <span class='ocr_line' id='line_1_30' title="bbox 682 3475 1947 3569; baseline 0.001 -24"><span class='ocrx_word' id='word_1_225' title='bbox 682 3475 870 3567; x_wconf 89' lang='lat' dir='ltr'>apud</span> <span class='ocrx_word' id='word_1_226' title='bbox 910 3498 1116 3568; x_wconf 90' lang='lat' dir='ltr'>quem</span> <span class='ocrx_word' id='word_1_227' title='bbox 1155 3478 1224 3546; x_wconf 89' lang='lat' dir='ltr'>in</span> <span class='ocrx_word' id='word_1_228' title='bbox 1264 3479 1511 3569; x_wconf 82' lang='lat' dir='ltr'>ecloga</span> <span class='ocrx_word' id='word_1_229' title='bbox 1553 3478 1628 3547; x_wconf 92' lang='lat' dir='ltr'>V.</span> <span class='ocrx_word' id='word_1_230' title='bbox 1671 3476 1785 3547; x_wconf 73' lang='lat'>45.</span> <span class='ocrx_word' id='word_1_231' title='bbox 1821 3486 1947 3560; x_wconf 85' lang='lat' dir='ltr'>est,</span> 
     </span>
     <span class='ocr_line' id='line_1_31' title="bbox 892 3578 2311 3676; baseline 0.004 -28"><span class='ocrx_word' id='word_1_232' title='bbox 892 3578 1021 3649; x_wconf 80' lang='lat' dir='ltr'>tale</span> <span class='ocrx_word' id='word_1_233' title='bbox 1057 3587 1242 3651; x_wconf 68' lang='lat' dir='ltr'>mum</span> <span class='ocrx_word' id='word_1_234' title='bbox 1285 3602 1553 3650; x_wconf 80' lang='lat' dir='ltr'>carmen</span> <span class='ocrx_word' id='word_1_235' title='bbox 1588 3579 1800 3663; x_wconf 77' lang='lat' dir='ltr'>nobis,</span> <span class='ocrx_word' id='word_1_236' title='bbox 1840 3579 2059 3650; x_wconf 78' lang='lat' dir='ltr'>divine</span> <span class='ocrx_word' id='word_1_237' title='bbox 2090 3589 2311 3676; x_wconf 76' lang='lat' dir='ltr'>poeta,</span> 
     </span>
     <span class='ocr_line' id='line_1_32' title="bbox 891 3681 2687 3780; baseline 0.002 -29"><span class='ocrx_word' id='word_1_238' title='bbox 891 3681 1083 3777; x_wconf 79' lang='lat' dir='ltr'>quale</span> <span class='ocrx_word' id='word_1_239' title='bbox 1119 3705 1318 3776; x_wconf 77' lang='lat' dir='ltr'>sopor</span> <span class='ocrx_word' id='word_1_240' title='bbox 1350 3682 1546 3776; x_wconf 76' lang='lat' dir='ltr'>sessis</span> <span class='ocrx_word' id='word_1_241' title='bbox 1579 3682 1654 3753; x_wconf 77' lang='lat' dir='ltr'>in</span> <span class='ocrx_word' id='word_1_242' title='bbox 1689 3682 2010 3776; x_wconf 75' lang='lat' dir='ltr'>qramine,</span> <span class='ocrx_word' id='word_1_243' title='bbox 2051 3684 2246 3780; x_wconf 82' lang='lat' dir='ltr'>quale</span> <span class='ocrx_word' id='word_1_244' title='bbox 2276 3708 2400 3779; x_wconf 80' lang='lat' dir='ltr'>per</span> <span class='ocrx_word' id='word_1_245' title='bbox 2436 3694 2687 3757; x_wconf 77' lang='lat' dir='ltr'>aestum</span> 
     </span>
     <span class='ocr_line' id='line_1_33' title="bbox 891 3785 2515 3882; baseline 0.003 -27"><span class='ocrx_word' id='word_1_246' title='bbox 891 3785 1104 3856; x_wconf 78' lang='lat' dir='ltr'>dulcis</span> <span class='ocrx_word' id='word_1_247' title='bbox 1141 3806 1355 3880; x_wconf 77' lang='lat' dir='ltr'>aquae</span> <span class='ocrx_word' id='word_1_248' title='bbox 1388 3786 1663 3856; x_wconf 75' lang='lat' dir='ltr'>saliente</span> <span class='ocrx_word' id='word_1_249' title='bbox 1700 3785 1881 3855; x_wconf 76' lang='lat' dir='ltr'>sitim</span> <span class='ocrx_word' id='word_1_250' title='bbox 1914 3787 2318 3882; x_wconf 74' lang='lat' dir='ltr'>restinquere</span> <span class='ocrx_word' id='word_1_251' title='bbox 2351 3789 2515 3860; x_wconf 76' lang='lat' dir='ltr'>rivo.</span> 
     </span>
     <span class='ocr_line' id='line_1_34' title="bbox 688 3888 3053 3986; baseline 0.001 -29"><span class='ocrx_word' id='word_1_252' title='bbox 688 3888 860 3958; x_wconf 87' lang='lat' dir='ltr'>Hinc</span> <span class='ocrx_word' id='word_1_253' title='bbox 899 3900 1089 3960; x_wconf 84' lang='lat' dir='ltr'>recte</span> <span class='ocrx_word' id='word_1_254' title='bbox 1109 3891 1553 3982; x_wconf 84' lang='lat' dir='ltr'>suspicatum</span> <span class='ocrx_word' id='word_1_255' title='bbox 1590 3910 1748 3958; x_wconf 86' lang='lat' dir='ltr'>esse</span> <span class='ocrx_word' id='word_1_256' title='bbox 1780 3891 2072 3961; x_wconf 81' lang='lat' dir='ltr'>arbitror</span> <span class='ocrx_word' id='word_1_257' title='bbox 2103 3892 2731 3963; x_wconf 84' lang='lat' dir='ltr'>Wordsworthium</span> <span class='ocrx_word' id='word_1_258' title='bbox 2758 3903 2915 3986; x_wconf 88' lang='lat' dir='ltr'>post</span> <span class='ocrx_word' id='word_1_259' title='bbox 2946 3891 3053 3960; x_wconf 89' lang='lat' dir='ltr'>illa</span> 
     </span>
     <span class='ocr_line' id='line_1_35' title="bbox 684 3992 3052 4089; baseline 0 -28"><span class='ocrx_word' id='word_1_260' title='bbox 684 3992 893 4063; x_wconf 89' lang='lat' dir='ltr'>verba</span> <span class='ocrx_word' id='word_1_261' title='bbox 944 3993 1106 4064; x_wconf 82' lang='grc' dir='ltr'><strong><em>οὔτε</em></strong></span> <span class='ocrx_word' id='word_1_262' title='bbox 1155 3993 1287 4089; x_wconf 79' lang='grc' dir='ltr'>γὰρ</span> <span class='ocrx_word' id='word_1_263' title='bbox 1342 3993 1560 4070; x_wconf 80' lang='grc' dir='ltr'><strong><em>ὕπνος</em></strong></span> <span class='ocrx_word' id='word_1_264' title='bbox 1608 4014 1891 4063; x_wconf 85' lang='lat' dir='ltr'>versum</span> <span class='ocrx_word' id='word_1_265' title='bbox 1957 3995 2329 4066; x_wconf 82' lang='lat' dir='ltr'>excidisse.</span> <span class='ocrx_word' id='word_1_266' title='bbox 2423 3996 2540 4065; x_wconf 87' lang='lat' dir='ltr'>Ille</span> <span class='ocrx_word' id='word_1_267' title='bbox 2602 4017 2776 4068; x_wconf 85' lang='lat' dir='ltr'>vero</span> <span class='ocrx_word' id='word_1_268' title='bbox 2826 4013 3052 4066; x_wconf 86' lang='lat' dir='ltr'>versus</span> 
     </span>
     <span class='ocr_line' id='line_1_36' title="bbox 610 4095 3051 4189; baseline 0.001 -26"><span class='ocrx_word' id='word_1_269' title='bbox 610 4112 890 4186; x_wconf 87' lang='lat' dir='ltr'>xquem</span> <span class='ocrx_word' id='word_1_270' title='bbox 946 4096 1427 4189; x_wconf 85' lang='lat' dir='ltr'>expellendum</span> <span class='ocrx_word' id='word_1_271' title='bbox 1479 4095 1666 4182; x_wconf 89' lang='lat' dir='ltr'>dixi,</span> <span class='ocrx_word' id='word_1_272' title='bbox 1732 4098 1961 4169; x_wconf 91' lang='lat' dir='ltr'>locum</span> <span class='ocrx_word' id='word_1_273' title='bbox 2016 4120 2217 4170; x_wconf 88' lang='lat' dir='ltr'>suum</span> <span class='ocrx_word' id='word_1_274' title='bbox 2277 4099 2518 4171; x_wconf 91' lang='lat' dir='ltr'>habuit</span> <span class='ocrx_word' id='word_1_275' title='bbox 2579 4100 2646 4168; x_wconf 93' lang='lat' dir='ltr'>in</span> <span class='ocrx_word' id='word_1_276' title='bbox 2708 4099 3051 4170; x_wconf 87' lang='lat' dir='ltr'>decimo</span> 
     </span>
     <span class='ocr_line' id='line_1_37' title="bbox 685 4198 3054 4293; baseline 0.001 -26"><span class='ocrx_word' id='word_1_277' title='bbox 685 4198 957 4293; x_wconf 80' lang='lat' dir='ltr'>idyllio,</span> <span class='ocrx_word' id='word_1_278' title='bbox 991 4201 1086 4289; x_wconf 26' lang='lat' dir='ltr'>,in</span> <span class='ocrx_word' id='word_1_279' title='bbox 1139 4222 1279 4291; x_wconf 87' lang='lat' dir='ltr'>quo</span> <span class='ocrx_word' id='word_1_280' title='bbox 1327 4222 1542 4292; x_wconf 87' lang='lat' dir='ltr'>quum</span> <span class='ocrx_word' id='word_1_281' title='bbox 1595 4223 1659 4272; x_wconf 89' lang='lat' dir='ltr'>v.</span> <span class='ocrx_word' id='word_1_282' title='bbox 1699 4201 1816 4273; x_wconf 71' lang='lat'>2⁴.</span> <span class='ocrx_word' id='word_1_283' title='bbox 1869 4202 2029 4288; x_wconf 85' lang='lat' dir='ltr'>Milo</span> <span class='ocrx_word' id='word_1_284' title='bbox 2081 4202 2299 4273; x_wconf 90' lang='lat' dir='ltr'>tribus</span> <span class='ocrx_word' id='word_1_285' title='bbox 2347 4203 2664 4274; x_wconf 88' lang='lat' dir='ltr'>versibus</span> <span class='ocrx_word' id='word_1_286' title='bbox 2718 4204 2912 4274; x_wconf 57' lang='lat' dir='ltr'>Ba‘tto</span> <span class='ocrx_word' id='word_1_287' title='bbox 2946 4221 3054 4270; x_wconf 91' lang='lat' dir='ltr'>re-</span> 
     </span>
     <span class='ocr_line' id='line_1_38' title="bbox 687 4302 3051 4398; baseline -0 -26"><span class='ocrx_word' id='word_1_288' title='bbox 687 4302 1055 4395; x_wconf 89' lang='lat' dir='ltr'>spondeat,</span> <span class='ocrx_word' id='word_1_289' title='bbox 1096 4304 1300 4373; x_wconf 89' lang='lat' dir='ltr'>etiam</span> <span class='ocrx_word' id='word_1_290' title='bbox 1340 4305 1611 4375; x_wconf 81' lang='lat' dir='ltr'>Battum</span> <span class='ocrx_word' id='word_1_291' title='bbox 1650 4316 1792 4373; x_wconf 88' lang='lat' dir='ltr'>tres</span> <span class='ocrx_word' id='word_1_292' title='bbox 1829 4326 2076 4377; x_wconf 86' lang='lat' dir='ltr'>versus</span> <span class='ocrx_word' id='word_1_293' title='bbox 2103 4306 2392 4391; x_wconf 82' lang='lat' dir='ltr'>dixisse,</span> <span class='ocrx_word' id='word_1_294' title='bbox 2431 4307 2546 4398; x_wconf 87' lang='lat' dir='ltr'>qui</span> <span class='ocrx_word' id='word_1_295' title='bbox 2586 4307 2654 4375; x_wconf 93' lang='lat' dir='ltr'>in</span> <span class='ocrx_word' id='word_1_296' title='bbox 2694 4307 2883 4377; x_wconf 82' lang='lat' dir='ltr'>libris</span> <span class='ocrx_word' id='word_1_297' title='bbox 2912 4303 3051 4374; x_wconf 88' lang='lat' dir='ltr'>duo</span> 
     </span>
     <span class='ocr_line' id='line_1_39' title="bbox 686 4405 3048 4499; baseline 0.001 -25"><span class='ocrx_word' id='word_1_298' title='bbox 686 4415 871 4489; x_wconf 91' lang='lat' dir='ltr'>sunt,</span> <span class='ocrx_word' id='word_1_299' title='bbox 912 4405 1329 4499; x_wconf 82' lang='lat' dir='ltr'>intelligitur.</span> <span class='ocrx_word' id='word_1_300' title='bbox 1390 4407 1469 4475; x_wconf 93' lang='lat' dir='ltr'>Ei</span> <span class='ocrx_word' id='word_1_301' title='bbox 1507 4408 1565 4477; x_wconf 92' lang='lat' dir='ltr'>si</span> <span class='ocrx_word' id='word_1_302' title='bbox 1603 4407 1916 4478; x_wconf 86' lang='lat' dir='ltr'>redditur</span> <span class='ocrx_word' id='word_1_303' title='bbox 1951 4429 2088 4479; x_wconf 87' lang='lat' dir='ltr'>una</span> <span class='ocrx_word' id='word_1_304' title='bbox 2125 4409 2487 4481; x_wconf 87' lang='lat' dir='ltr'>duabusve</span> <span class='ocrx_word' id='word_1_305' title='bbox 2517 4410 2758 4480; x_wconf 88' lang='lat' dir='ltr'>litteris</span> <span class='ocrx_word' id='word_1_306' title='bbox 2787 4405 3048 4480; x_wconf 85' lang='lat' dir='ltr'>mutatis</span> 
     </span>
     <span class='ocr_line' id='line_1_40' title="bbox 688 4509 3051 4606; baseline -0 -28"><span class='ocrx_word' id='word_1_307' title='bbox 688 4509 822 4580; x_wconf 84' lang='lat' dir='ltr'>iste</span> <span class='ocrx_word' id='word_1_308' title='bbox 874 4530 1151 4593; x_wconf 76' lang='lat' dir='ltr'>versUS,</span> <span class='ocrx_word' id='word_1_309' title='bbox 1189 4532 1329 4581; x_wconf 88' lang='lat' dir='ltr'>non</span> <span class='ocrx_word' id='word_1_310' title='bbox 1383 4511 1607 4582; x_wconf 83' lang='lat' dir='ltr'>solum</span> <span class='ocrx_word' id='word_1_311' title='bbox 1646 4510 1833 4582; x_wconf 81' lang='lat' dir='ltr'>dicta</span> <span class='ocrx_word' id='word_1_312' title='bbox 1869 4511 2228 4604; x_wconf 79' lang='lat' dir='ltr'>utriusque</span> <span class='ocrx_word' id='word_1_313' title='bbox 2278 4514 2604 4584; x_wconf 86' lang='lat' dir='ltr'>messoris</span> <span class='ocrx_word' id='word_1_314' title='bbox 2657 4520 3051 4606; x_wconf 87' lang='lat' dir='ltr'>aequantur,</span> 
     </span>
     <span class='ocr_line' id='line_1_41' title="bbox 690 4613 2183 4708; baseline 0.001 -25"><span class='ocrx_word' id='word_1_315' title='bbox 690 4613 818 4683; x_wconf 87' lang='lat' dir='ltr'>sed</span> <span class='ocrx_word' id='word_1_316' title='bbox 857 4613 1067 4683; x_wconf 86' lang='lat' dir='ltr'>etiam</span> <span class='ocrx_word' id='word_1_317' title='bbox 1105 4615 1448 4684; x_wconf 87' lang='lat' dir='ltr'>sententia</span> <span class='ocrx_word' id='word_1_318' title='bbox 1484 4615 1757 4685; x_wconf 84' lang='lat' dir='ltr'>exsistit</span> <span class='ocrx_word' id='word_1_319' title='bbox 1794 4615 2183 4708; x_wconf 87' lang='lat' dir='ltr'>aptissima:</span> 
     </span>
    </p>
   </div>
   <div class='ocr_carea' id='block_1_3' title="bbox 3263 1567 3269 2459">
    <p class='ocr_par' dir='ltr' id='par_1_3' title="bbox 3263 1567 3269 2459">
     <span class='ocr_line' id='line_1_42' title="bbox 3263 1567 3269 2459; baseline 0 0"><span class='ocrx_word' id='word_1_320' title='bbox 3263 1567 3269 2459; x_wconf 95' lang='lat' dir='ltr'> </span> 
     </span>
    </p>
   </div>
  </div>
 </body>
</html>
