3328 5326
713 369 736 425 4
755 363 833 423 22
1694 365 2098 428 PINDARUS.

552 589 604 640 p.
626 578 683 622 ⁴1·
914 558 988 624 ἐν
1028 556 1123 647 τᾷ
1175 553 1308 650 γὰρ
1345 555 1683 647 Εὐνομία
1734 556 1913 628 ναίει
1961 555 2379 654 κασίγνηταί
2423 582 2498 627 τε
2536 555 2724 628 Δίκα
2741 604 2768 644 ,
2824 555 3085 626 πολίων

2361 658 2664 753 ἀσφαλὲς

912 758 1225 855 βάθρον,
1266 765 1384 831 καὶ
1421 759 1834 856 ὁμότροπος
1867 761 2183 857 Εἰράνα,
2225 760 2482 854 ταμίαι

917 861 1215 960 ἀνδράσι
1250 861 1586 936 πλούτου.

709 967 1129 1040 Commutavi
1166 967 1374 1039 sedes
1411 967 1657 1040 borum
1695 970 2221 1055 vocabulorum,
2254 969 2441 1042 Δίκα
2475 978 2548 1040 et
2579 964 2892 1065 βάθρον,
2925 971 3090 1063 quia

707 1092 794 1143 eo
832 1071 987 1141 loco
1023 1092 1163 1163 quo
1203 1070 1389 1144 Δίκα
1440 1073 1742 1164 positum
1791 1083 1943 1145 erat
1985 1083 2268 1145 ceterae
2320 1072 2646 1166 strophae
2694 1072 3089 1165 spondeum

705 1174 1035 1246 indicant.
1078 1174 1400 1245 Proxima
1427 1177 1637 1246 verba
1663 1187 1860 1248 vetus
1889 1178 2297 1249 scholiastes
2325 1175 2430 1247 sic'
2452 1175 2715 1248 reddit:
2750 1177 2791 1272 ἡ
2824 1176 3085 1273 ἀδελφὴ

707 1277 925 1374 αὐτῆς
993 1275 1405 1371 ὁμότροφος
1455 1274 1781 1376 Εἰρήνη,
1842 1291 1919 1352 ut
1970 1278 2382 1375 ὁμότροφος
2441 1280 2693 1373 legisse
2745 1279 3086 1352 videatur.

702 1381 900 1452 Alter
926 1381 1257 1452 librorum
1285 1383 1698 1476 scripturam
1727 1384 1828 1454 sic
1855 1385 2368 1476 interpretatur,
2401 1383 2444 1479 ἦ
2482 1383 2614 1479 τὴν
2640 1381 2867 1479 αὐτὴν
2903 1383 3088 1476 αὐτῇ

702 1481 989 1582 γνώμην
1026 1485 1304 1573 ἔχουσα.
1365 1486 1529 1557 Mihi
1565 1509 1886 1572 concorS‚
1928 1499 2003 1561 ut
2039 1487 2459 1559 concordiae
2495 1486 2836 1571 effectriX‚
2875 1486 3093 1579 signi-

706 1587 901 1659 ficari
935 1588 1236 1659 videtur.

916 1708 1055 1780 Sed
1100 1708 1613 1781 ostendendum
1662 1719 1808 1794 est,
1862 1731 2071 1804 quam
2130 1711 2332 1805 posui
2394 1709 2640 1782 horum
2709 1719 3093 1781 metrorum

708 1811 1252 1906 descriptionem
1299 1813 1506 1883 etiam
1545 1813 1614 1882 in
1652 1814 1904 1884 ceteris
1950 1814 2250 1907 strophis
2291 1824 2635 1885 constare.
2725 1812 2831 1884 Ac
2869 1839 2931 1885 v.
2971 1817 3087 1885 ⁴5.

710 1916 1049 1988 servanda
1087 1926 1194 1987 est
1227 1918 1500 2009 vulgata
1538 1917 1912 2010 scriptura:

1019 2019 1265 2115 ἄκραις
1301 2021 1584 2115 ἀρεταῖς
1619 2019 2159 2115 ὑπερελθόντων
2196 2027 2409 2117 ἱεροῖς

1017 2124 1122 2194 εἰν
1159 2124 1549 2194 ἀέθλοισιν.

708 2226 862 2298 Non
899 2236 1007 2297 est
1043 2227 1228 2298 enim
1267 2248 1391 2298 cur
1427 2229 1532 2297 εἰν
1568 2226 1995 2320 repudietur,
2026 2228 2187 2319 quia
2224 2228 2386 2298 alibi
2421 2228 2491 2297 in
2528 2227 2634 2297 his
2662 2248 2844 2319 quae
2875 2226 3097 2297 habe-

711 2352 863 2400 mus
915 2329 1187 2400 Pindari
1242 2329 1666 2401 carminibus
1714 2352 1856 2399 non
1910 2341 2159 2401 exstet.
2269 2332 2341 2401 In
2409 2331 2741 2401 trochaeo
2805 2330 3097 2424 quidem

707 2432 886 2502 haec
954 2434 1173 2504 forma
1225 2432 1386 2501 ferri
1432 2453 1573 2502 non
1624 2441 1892 2526 potest,
1940 2433 2008 2501 in
2058 2433 2337 2526 dactylo
2385 2444 2615 2506 autem
2666 2436 2936 2506 munita
2989 2443 3099 2505 est

708 2535 1034 2627 exemplo
1071 2535 1447 2627 epicorum.
1516 2535 1789 2627 Alioqui
1827 2547 2098 2628 poterat
2134 2531 2472 2610 Pindarus
2512 2539 2682 2630 ἀμφ’
2724 2539 3097 2609 ἀέθλοισιν

710 2638 1041 2722 scribere,
1084 2648 1155 2709 ut
1191 2637 1384 2708 Nem.
1419 2638 1494 2708 II.
1537 2638 1651 2710 47.
1686 2638 1919 2710 Isth‘m.
1954 2641 1998 2711 I.
2035 2644 2153 2712 50.
2189 2642 2294 2712 IV.
2330 2644 2446 2713 55.

917 2758 990 2826 In
1027 2761 1345 2852 proxima
1382 2759 1669 2854 stropha
1704 2771 1897 2831 recte
1935 2761 2118 2831 libri:

1017 2859 1390 2954 πεντάθλῳ
1429 2863 1579 2954 ἅμα
1619 2863 1912 2935 σταδίου
1950 2864 2158 2935 νικῶν
2196 2863 2491 2960 δρόμον,
2537 2867 2661 2936 οὐκ

1019 2961 1477 3061 ἀντεβόλησεν

1017 3069 1161 3138 τῶν
1198 3069 1372 3166 ἀνὴρ
1409 3070 1684 3148 θνατὸς
1719 3070 1915 3142 οὔπω
1953 3098 2062 3150 τις
2097 3068 2472 3166 πρότερον.

707 3170 882 3241 Nam
930 3170 1107 3242 haec
1158 3173 1428 3244 iteratio
1480 3175 1869 3267 negationis
1921 3197 2061 3246 non
2112 3174 2342 3267 prodit
2400 3174 2898 3268 negligentiam
2948 3199 3101 3247 ser-

707 3275 932 3345 monis
969 3275 1376 3368 quotidiani,
1416 3277 1542 3348 sed
1582 3277 1843 3348 indicat
1881 3279 2203 3349 universe
2249 3279 2646 3350 enuntiatae
2698 3282 3102 3352 sententiae

708 3378 1190 3471 repetitionem
1239 3401 1397 3449 cum
1450 3381 1855 3451 accessione
1909 3381 2246 3472 quadam:
2304 3381 2390 3452 οὕ
2437 3408 2544 3459 τις
2595 3381 3095 3481 ἀντεβόλησεν,

617 3552 627 3563 ,
710 3480 905 3550 οὔπω
940 3506 1049 3558 τις
1085 3478 1432 3575 πρότερον
1470 3479 1959 3578 ἀντεβόλησεν.

913 3616 990 3685 V.
1029 3618 1146 3686 38.
1182 3617 1687 3690 restituendum
1724 3618 1912 3712 quod
1951 3620 2102 3690 libri
2140 3620 2403 3692 habent
2435 3623 2596 3713 μένε

1946 3720 2172 3820 μηνός
2206 3725 2290 3795 τέ
2320 3731 2388 3796 οἱ

1016 3823 1293 3893 τωύτοῦ
1327 3829 1668 3918 κρανααῖς
1705 3828 1780 3895 ἐν
1814 3818 2400 3922 Ἀθάναιὶσιᾼτρία
2433 3827 2566 3920 μὲν

1018 3923 1182 4020 ἔργα
1218 3925 1569 4023 ποδαρκὴς
2221 3922 2230 3929 ’

1018 4029 1249 4123 ἁμέρα
1282 4028 1455 4125 θῆκε
1494 4028 1790 4100 κάλλιστ’
1833 4029 2020 4124 ἀμφὶ
2055 4028 2333 4123 κόμαις.

914 4164 991 4233 V.
1037 4168 1154 4235 53.
1208 4161 1567 4241 Triclinius
1616 4167 1820 4239 metri
1870 4188 2117 4239 caussa
2163 4168 2482 4261 imperite
2533 4170 2919 4265 scripserat
2969 4175 3102 4245 τὸν

706 4266 963 4358 γάμον.
1041 4266 1361 4340 Debebat
1395 4290 1782 4364 pronomen
1822 4292 2116 4364 ponere:
2241 4286 2245 4293 ·

1017 4369 1134 4441 καὶ
1169 4369 1302 4441 τάν
1335 4372 1604 4466 πατρὸς
1639 4372 1850 4444 ἀντία
1883 4369 2219 4471 Μήδειαν
2252 4375 2566 4465 θεμέναν

1015 4472 1102 4543 οἶ
1123 4466 1354 4564 γοῖμον
1389 4476 1600 4567 αὐτᾷ,

1020 4576 1146 4645 ναῒ
1173 4573 1514 4672 σώτειραν
1543 4579 1796 4673 Ἀργοῖ
1822 4580 1937 4650 καὶ
1973 4577 2383 4675 προπόλοις.
