3328 5326
485 1417 538 1452 Q

634 335 760 398 326
1572 331 2079 396 THEOCRITUS.

845 524 1005 596 οὔτι
1037 525 1193 620 λίην
1230 523 1581 621 ἀρίσημος
1615 528 1692 596 ἐν
1728 523 1850 618 ὕλῃ
1888 523 2122 619 χλωρὰ
2153 520 2453 619 θεούσῃ,

846 626 973 699 τὸν
1007 626 1140 719 μὲν
1176 626 1316 722 ἄρα
1350 629 1716 723 προςεέιπε
1751 627 1935 706 Διὸς
1968 624 2182 716 γόνον
2219 624 2556 720 ὑψίστοιο

643 735 791 804 ’160
846 729 1132 823 Λύγείω
1172 730 1372 824 φίλος
1406 730 1559 808 υἱὸς
1594 736 1759 803 ἕθεν
1793 726 2232 822 μετόπισθεν
2268 726 2501 820 ἰόντα,

845 827 977 930 ἦκα
1011 834 1440 931 παρακλίνας
1475 832 1779 930 κεφαλὴν
1814 832 1992 905 κατὰ
2032 833 2254 917 δεξιὸν
2293 828 2514 925 ὦμον.

638 938 975 1032 Apertum
1027 948 1134 1008 est
1181 939 1252 1008 in
1299 939 1544 1008 semita
1593 937 2005 1008 incedentes
2044 936 2382 1021 describi,
2433 947 2805 1031 postquam
2856 937 3015 1008 reli-

639 1051 937 1136 querant
984 1043 1171 1112 viam
1211 1042 1584 1134 publicam.
1678 1041 1756 1112 ld
1809 1041 2198 1132 intelligens
2246 1042 2618 1112 Wartonus
2667 1041 3026 1137 ἀπέβησαν

638 1144 1085 1217 scribendum
1116 1145 1475 1230 censebat,
1513 1166 1656 1237 quo
1695 1145 1965 1218 adscito
1993 1144 2412 1217 Schaeferus
2438 1144 2541 1215 sic
2570 1143 3024 1214 emendabat:

844 1245 1209 1342 λαοφόρου
1246 1250 1308 1318 δ’
1351 1249 1711 1344 ἀπέβησαν
1749 1248 1877 1321 ὅθι
1910 1244 2281 1342 πρώτιστα
2313 1245 2646 1320 κελεύθου

844 1351 1097 1448 λεπτὴν
1130 1348 1636 1447 καρπαλίμοισι
1673 1349 1920 1447 τρίβον
1953 1350 2168 1424 ποσὶν
2201 1346 2707 1433 fiscamnense.-

641 1454 839 1539 Quae
876 1454 1008 1524 etsi
1044 1455 1369 1526 facillima
1407 1476 1578 1525 sane
1615 1456 1962 1526 correctio
1999 1466 2142 1539 est,
2182 1464 2414 1526 tamen
2452 1454 2669 1525 habet
2703 1476 2842 1546 quo
2885 1454 3032 1526 dis-

639 1559 916 1651 pliceat.
992 1559 1170 1630 Nam
1205 1569 1276 1629 et
1312 1557 1557 1630 durius
1606 1569 1715 1630 est
1765 1558 1894 1630 ὅθι
1941 1559 2158 1630 verbo
2208 1558 2711 1651 postpositum,
2761 1568 2833 1630 et
2882 1567 3030 1630 tota

642 1662 819 1733 haec
857 1662 1032 1732 ratio
1070 1661 1560 1755 descriptionis
1597 1662 2002 1733 insolentior
2039 1672 2170 1747 est,
2210 1662 2531 1754 neglecto
2569 1661 2848 1744 ordine,
2890 1683 3031 1755 quo

640 1766 874 1837 omnia
926 1766 1264 1860 deinceps
1314 1767 1560 1837 referri
1603 1788 1758 1837 mos
1811 1776 1951 1851 est,
2005 1766 2347 1859 siquidem
2395 1776 2469 1835 et
2505 1786 2545 1836 a
2581 1765 2696 1837 via
2748 1766 3031 1859 publica

642 1870 901 1941 abiisse
953 1870 1312 1955 dicuntur,
1353 1880 1730 1963 antequam
1768 1891 1893 1941 eos
1930 1872 1998 1941 in
2039 1892 2125 1942 ea
2173 1870 2546 1941 incessisse
2602 1870 3032 1963 accepimuS‚

641 1982 714 2043 et
762 1975 1013 2045 facturi
1065 1995 1259 2060 esse,
1310 1972 1505 2066 quod
1558 1976 1792 2045 facere
1842 1974 2101 2046 rectius
2153 1973 2572 2044 dicerentur.
2662 1971 3037 2045 Accedunt

641 2075 733 2150 ad
787 2076 965 2148 haec
1016 2078 1234 2149 mirae
1282 2076 1731 2148 diversitates
1777 2079 2186 2171 scripturae.
2261 2076 2437 2147 Nam
2474 2097 2602 2169 pro
2638 2076 2793 2164 ὅθι,
2837 2076 3034 2170 quod

643 2180 1062 2254 Schaeferus
1099 2182 1274 2253 falso
1302 2180 1479 2251 dixit
1513 2183 1585 2253 in
1618 2181 1942 2253 omnibus
1969 2180 2330 2252 codicibus
2353 2201 2540 2266 esse,
2571 2190 2713 2251 tres
2742 2180 3036 2252 codices

642 2282 856 2378 ὄρους
892 2281 1176 2371 habent,
1214 2285 1285 2354 in
1323 2286 1544 2356 altero
1581 2295 1815 2356 autem
1850 2306 2064 2357 versu
2099 2285 2368 2356 Iuntina
2396 2281 2802 2365 ἑξανύοντο.
2853 2283 3036 2355 Illud

644 2385 855 2481 ὄρους
890 2388 1175 2480 quidem
1213 2388 1454 2459 nescio
1492 2410 1582 2460 an
1619 2390 1710 2460 sit
1746 2410 1840 2459 ex
1876 2387 2058 2459 ὅπου
2093 2397 2518 2481 corruptum.
2614 2386 2754 2459 Sed
2807 2396 3036 2459 totum

640 2490 877 2561 locum
927 2514 1144 2584 quum
1196 2491 1607 2576 considere,
1653 2513 1796 2562 non
1846 2513 2130 2583 possum
2178 2491 2347 2584 quin
2396 2489 2711 2584 suspicer
2745 2513 3039 2573 versum

643 2593 1035 2682 excidisse,
1070 2603 1148 2666 ut
1184 2596 1303 2666 tali
1341 2595 1642 2688 quodam
1681 2594 1895 2668 modo
1931 2596 2355 2689 processerit
2392 2594 2642 2666 oratio:

849 2693 1214 2794 λαοφόρου
1251 2701 1313 2769 δ’
1352 2699 1498 2793 ἐπεὶ
1534 2694 1716 2795 ἦσαν
1756 2698 1883 2770 ὅθι
1919 2697 2288 2794 πρώτιστα
2323 2694 2662 2770 κελεύθου

850 2800 1168 2897 ἀτραπὸς
1201 2804 1629 2897 ἐκτέτραπτο
1663 2802 1860 2880 θοῶς
1895 2804 1994 2881 εἰς
2031 2802 2212 2874 ἄστυ
2247 2804 2591 2897 φέρουσα,

848 2904 1102 3032 λεπτὴν
1138 2904 1644 3001 καρπαλίμοισι
1679 2903 1929 3001 τρίβον
1965 2906 2176 2977 ποσὶν
2212 2902 2650 2994 ἐξανύοντες,

847 3007 891 3104 ἢ
931 3036 1021 3105 ρα
1060 3010 1140 3079 δι’
1183 3009 1623 3101 ἀμπελεῶνος
1661 3008 1803 3080 ἀπὸ
1841 3008 2188 3101 σταθμῶν
2225 3005 2644 3098 τετάνυστο,

854 3111 1013 3183 οὔτι
1046 3111 1203 3209 λίην
1241 3111 1591 3209 ἀρίσημος
1626 3116 1701 3183 ἐν
1737 3113 1862 3208 ὕλῃ
1900 3110 2134 3207 χλωρὰ
2169 3109 2468 3207 θεούσῃ,

847 3215 938 3310 τῇ
972 3242 1100 3307 μιν
1141 3213 1283 3310 ἄρα
1317 3216 1679 3311 προςεέιπε
1714 3215 1897 3294 Διὸς
1930 3211 2141 3305 γόνον
2175 3213 2515 3307 υψίστοιο

847 3316 1136 3407 Λύγείω
1175 3318 1375 3410 φίλος
1413 3316 1591 3396 υἱός.

643 3421 718 3490 In
754 3420 864 3490 his
899 3420 988 3514 τῇ
1022 3420 1156 3512 μὲν
1193 3443 1408 3512 quum
1445 3422 1657 3514 vulgo
1694 3423 1988 3514 legatur,
2025 3422 2117 3514 τῆ
2144 3423 2349 3515 plane
2386 3424 2863 3494 necessarium
2906 3434 3042 3495 est.

643 3523 941 3595 Codices
990 3521 1113 3594 τοί
1157 3549 1286 3615 μιν
1335 3533 1405 3594 et
1451 3525 1582 3594 τὸν
1628 3552 1787 3616 μιν.
1876 3523 2120 3616 Aeque
2154 3525 2417 3597 bonum
2454 3536 2563 3598 est
2594 3526 2686 3619 τῇ
2724 3552 2855 3617 μιν
2895 3526 3043 3669 ἄρα

642 3636 714 3698 et
748 3627 839 3721 τῇ
874 3625 1005 3697 τὸν
1042 3624 1209 3720 ἄρα.

850 3729 929 3799 V.
977 3731 1152 3805 462.
1196 3729 1509 3823 ineptum
1547 3741 1654 3802 est
1692 3740 1763 3802 et
1801 3714 2178 3826 corrumpit
2227 3732 2642 3804 sententiam
2683 3730 2840 3810 ώςεί
2872 3759 3042 3830 περ

645 3832 1137 3905 Scribendum:

803 3941 1002 4025 ξεῖνε,
1044 3930 1264 4008 πάλαι
1299 3936 1461 4008 τινὰ
1497 3933 1729 4029 πάγχυ
1767 3939 1976 4009 σέθεν
2010 3939 2170 4034 πέρι
2204 3939 2449 4030 μῦθον
2488 3935 2822 4027 ἀκούσας,

805 4039 898 4115 ὠς
932 4035 997 4109 εἷ
1028 4066 1189 4135 περ,
1234 4042 1649 4136 σφετέρῃσιν
1688 4039 1792 4111 ἑνὶ
1828 4041 2034 4137 φρεσὶ
2070 4039 2424 4134 βάλλομαι
2459 4041 2649 4136 ἄρτι.

648 4141 763 4213 Sic
800 4141 1144 4214 Homerus
1180 4143 1372 4215 Iliad.
1407 4144 1454 4214 I.
1489 4146 1572 4217 24
1597 4149 1623 4215 4
1647 4201 1661 4215 .
1698 4145 1790 4221 ὥς
1826 4143 2062 4217 ἔσεταί
2093 4172 2251 4241 περ.

854 4243 932 4313 V.
972 4248 1141 4317 466.
1182 4246 1374 4338 quod
1426 4248 1792 4340 legebatur
1841 4248 1919 4326 ὃς
1969 4244 2056 4344 δή
2104 4276 2249 4338 τοι,
2309 4270 2452 4319 non
2498 4250 2566 4320 in
2623 4248 2702 4326 ὃς
2738 4249 2799 4319 δ’
2842 4247 3041 4344 ἤτοι,

644 4347 776 4420 sed
813 4349 884 4419 in
923 4347 1000 4426 ὅς
1035 4350 1098 4445 ῤ’
1141 4349 1302 4446 ἤτοι
1337 4350 1746 4422 mutandum
1776 4363 1943 4423 erat.
2003 4352 2178 4424 Vide
2209 4352 2298 4423 ad
2328 4353 2529 4423 Hom.
2565 4352 2634 4422 h.
2659 4352 2829 4423 Ven.
2859 4352 3039 4426 226.

857 4451 934 4521 V.
975 4452 1147 4525 472.
1189 4473 1330 4523 non
1368 4464 1559 4524 recte
1597 4455 1848 4546 legitur
1885 4477 2041 4528 cum
2084 4456 2378 4549 vulgatis
2428 4456 2621 4527 libris
2672 4455 2766 4533 ὥς
2812 4461 3039 4534 κεῖνος

645 4551 972 4651 ἀγόρευε,
1026 4555 1218 4647 quod
1269 4557 1719 4629 scribendum
1770 4567 1920 4630 erat
1965 4557 2206 4631 addita
2241 4559 2581 4652 particula
2616 4581 2710 4630 ex
2745 4559 3037 4644 Iuntina,
