3328 5326
681 376 799 436 ue
1619 373 2093 436 AESGHYLUS.

675 567 1244 659 de¹Astyanacte,
1284 567 1563 660 scripsit
1593 564 1980 657 Aeschylus
2013 562 2223 635 Ἰλίου
2258 563 2529 658 adpone.
2600 562 2690 633 At
2724 572 3047 635 neutrum

677 670 1226 743 demonstratum
1277 681 1420 755 est,
1460 691 1591 741 nec
1640 679 1872 763 potest
1924 667 2367 740 demonstari.
2443 666 3049 751 Quemadmodum

676 786 909 845 autem
956 774 1335 844 necessitas
1380 774 1529 859 illa,
1580 795 1788 865 quam
1840 783 2243 843 ostensurus
2293 781 2474 854 erat,
2525 771 2714 841 nulla
2762 770 3051 840 inventa

677 888 806 962 est,
844 878 940 947 ita
977 878 1186 947 etiam
1220 876 1577 962 concidet,
1617 875 1810 968 quod
1847 875 2070 945 Parim
2107 893 2468 945 removere
2505 873 2786 945 studet,
2838 872 3049 957 Quod

677 981 861 1051 enim
882 980 1024 1065 fait,
1065 1002 1150 1051 ea
1186 979 1751 1074 interpretatione
1789 979 2148 1049 Priamum.
2169 980 2385 1048 feram
2417 977 2696 1047 belnam
2733 976 2911 1060 dici,
2950 976 3047 1060 id,

677 1084 734 1154 si
788 1084 958 1156 alins
1013 1083 1311 1169 diceret,
1368 1086 1604 1155 fallere
1657 1082 1963 1154 voluisse
2016 1081 2435 1175 suspicarer:
2494 1081 2719 1173 ipsum
2771 1080 3049 1150 sincere

674 1188 939 1258 dixisse
993 1187 1241 1271 cred0‚
1294 1188 1423 1259 sed
1476 1207 1688 1278 quum
1739 1185 2058 1279 cupidius
2109 1184 2505 1284 opinionem
2551 1204 2752 1254 suam
2798 1183 3051 1254 deten-

676 1291 896 1375 deret,
933 1313 1076 1362 non
1112 1291 1279 1361 satis
1309 1292 1835 1383 circumspecte.
1897 1288 2071 1359 Nam
2100 1289 2160 1358 si
2185 1300 2504 1359 tenerum
2530 1287 2804 1357 leonem
2833 1286 3052 1379 signi-

676 1393 886 1464 ficare
924 1394 1141 1466 voluit
1176 1405 1417 1487 poeta,
1455 1416 1597 1465 non
1633 1393 1856 1486 potuit
1889 1414 2051 1463 eum
2088 1392 2431 1486 λεωτιὸῆ,
2474 1391 2663 1482 quod
2699 1412 2741 1461 a
2777 1391 3049 1482 tragico

673 1518 996 1569 sermone
1026 1498 1324 1570 alienum
1355 1508 1483 1582 est,
1512 1517 1796 1580 vocare,
1827 1496 1955 1567 sed
1983 1495 2381 1565 necessario
2418 1491 2729 1585 σκύμνον
2763 1496 3052 1571 λέοντος

673 1600 910 1671 dicere
947 1601 1220 1686 debuit,
1258 1623 1409 1693 quo·
1436 1622 1576 1671 non
1615 1610 1925 1671 creatum
1960 1600 2189 1682 leone,
2229 1597 2357 1669 sed
2391 1598 2669 1669 leonina
2703 1596 2940 1668 indole
2980 1597 3051 1666 in

672 1705 821 1798 ipsa
894 1705 1365 1775 adolescentia
1450 1704 1838 1798 praeditum
1920 1702 2279 1773 indicaret.
2392 1702 2792 1793 Quumque·
2841 1701 3052 1793 plane

673 1808 1001 1901 Aeschyli
1046 1807 1325 1900 ingenio
1378 1808 1783 1891 conveniat,
1835 1827 2017 1899 quae
2069 1804 2343 1876 adiecto
2392 1805 2608 1875 altero
2645 1825 2858 1875 versu
2893 1802 3055 1876 effi-

676 1912 851 1983 citur
882 1912 1292 2004 gravissima
1328 1911 1709 1982 sententia:

517 2041 573 2094 p.
592 2029 655 2076 ⁴4
883 2016 966 2084 οὐ
1003 2014 1131 2111 χρὴ
1170 2018 1452 2093 λέοντος
1491 2012 1802 2106 σκύμνων
1839 2017 1922 2084 ἐν
1947 2011 2144 2086 πόλει
2174 2012 2486 2106 τρέφειν,

879 2117 966 2213 ἢν
1002 2120 1062 2188 δ’
1101 2117 1396 2213 ἐκτρέφῃ
1432 2144 1574 2207 τις,
1617 2122 1769 2194 τοῖς
1803 2113 2096 2211 τρόποις
2129 2115 2526 2209 ὑπηρετεῖν,

675 2218 851 2312 quid,
898 2221 1049 2289 veri
1111 2221 1395 2291 similius
1456 2231 1600 2306 est,
1650 2242 1861 2312 quam
1915 2218 2186 2289 Heleni
2211 2226 2331 2287 aut
2381 2215 2811 2287 Cassandrae
2869 2216 3054 2288 haec

675 2323 889 2410 verba
920 2323 1133 2394 fuisse
1172 2324 1242 2393 in
1278 2323 1546 2417 perdita
1574 2324 1801 2415 aliqua
1826 2321 2153 2415 Aeschyli
2181 2319 2583 2413 tragoedia?
2637 2320 3053 2392 Welckerus

675 2426 958 2518 quidem
984 2449 1196 2518 quum
1223 2427 1295 2496 in
1318 2427 1612 2519 Trilogia
1633 2426 2082 2519 praeterisset
2103 2424 2575 2508 Philoctetam,
2597 2424 2669 2493 in
2690 2423 3048 2517 Supplem.

676 2529 846 2601 Mus,
880 2530 1098 2600 Rhen.
1131 2530 1208 2600 ΙΙ.
1247 2533 1312 2599 4.
1355 2553 1419 2622 p.
1456 2531 1574 2601 29.
1610 2529 1965 2621 trilogiam'
2007 2526 2431 2622 composuit,
2486 2527 2557 2596 in
2603 2548 2742 2619 qua
2769 2528 3055 2598 .fuerint

674 2634 958 2719 Lemnii,
998 2654 1178 2726 quae
1216 2632 1448 2707 fabula
1485 2632 1735 2704 eadem
1772 2631 1979 2704 fuerit
2015 2653 2182 2703 cum
2209 2630 2624 2717 Philocteta,
2664 2630 2756 2702 de
2793 2652 2937 2723 qua
2974 2652 3055 2702 re

673 2737 929 2810 nullum
956 2747 1190 2808 exstat
1226 2737 1722 2821 testimonium3
1764 2729 2179 2807 Philoctetes
2216 2734 2302 2805 ad
2335 2735 2628 2820 Troiam,
2668 2735 2870 2806 cuius
2907 2757 3054 2807 non

673 2842 894 2934 magis
937 2842 1146 2912 ullum
1181 2850 1420 2912 notum
1458 2852 1567 2911 est
1601 2840 1999 2932 vestigium;
2040 2838 2343 2930 denique
2372 2838 2664 2932 Πέρσις,
2706 2860 2921 2930 quam
2957 2861 3057 2910 ex

673 2945 1044 3016 Aristotele
1081 2943 1299 3014 finxit.
1375 2945 1589 3015 Multo
1629 2943 2081 3037 probabiliuS,
2121 2952 2198 3013 ut
2232 2956 2365 3034 ego
2402 2941 2686 3033 quidem
2722 2942 3050 3028 arbitror,

674 3069 768 3118 ex
803 3048 932 3118 illis
969 3069 1144 3140 quos
1181 3048 1383 3141 posui
1408 3047 1726 3119 versibus
1755 3046 2202 3118 coniiciemus
2231 3044 2579 3115 exstitisse
2608 3045 3053 3137 tragoediam

672 3151 1023 3245 Aeschyli,
1061 3152 1130 3221 in
1168 3173 1307 3243 qua
1342 3151 1436 3220 illi
1471 3172 1720 3223 versus
1756 3152 1850 3222 de
1887 3149 2148 3221 Paride.
2170 3148 2336 3219 dicti
2372 3149 2642 3219 fuerint.
2717 3149 2875 3232 Quo
2917 3171 3056 3220 no-

672 3255 857 3325 mine
895 3275 979 3325 ea
1021 3256 1250 3325 fabula
1299 3255 1533 3340 fuerit,
1574 3265 1781 3347 atque
1835 3254 2018 3324 adeo
2054 3274 2228 3343 quas
2264 3263 2410 3322 tota
2455 3251 2727 3344 trilogia
2772 3253 3053 3324 fabulas

672 3357 993 3428 habuerit
1029 3378 1389 3448 quaerere,
1428 3358 1502 3428 id
1539 3369 1644 3428 est
1682 3357 1933 3451 piscari
1970 3356 2038 3424 in
2075 3376 2257 3425 aere.
2288 3357 2294 3365 ’
2457 3354 2462 3361 ’

881 3460 1021 3530 Sed
1057 3461 1280 3554 pergit
1315 3460 1723 3531 Welckerus
1760 3483 1826 3553 p.
1862 3462 1991 3547 154
2014 3461 2083 3528 9.
2115 3468 2440 3552 repetens
2477 3468 2832 3550 tamquam
2868 3461 3053 3530 alte-

673 3585 822 3633 rum
873 3585 1000 3656 pro
1053 3580 1209 3634 sua*
1232 3563 1558 3656 opinione
1616 3572 2133 3655 argumentum,
2184 3562 2255 3633 id
2305 3560 2494 3652 quod
2539 3558 2675 3632 iam
2712 3563 2850 3633 alio
2889 3563 3053 3635 loco

672 3666 984 3750 dixerat,
1039 3667 1099 3736 si
1147 3666 1237 3737 de
1273 3666 1699 3759 Astyanacte
1749 3666 1975 3736 dictus
2015 3665 2102 3735 sit
2138 3665 2250 3735 ille
2287 3664 2472 3757 apud
2508 3665 3053 3758 Aristophanem

669 3791 938 3855 versuS,
978 3771 1139 3863 plus
1172 3770 1370 3862 sequi
1397 3791 1606 3861 quam
1634 3770 1941 3841 locutum
1968 3768 2057 3838 de
2084 3769 2506 3862 Astyanacte
2535 3780 2817 3861 poetam
2843 3791 3046 3841 esse:

671 3873 931 3945 dictum
969 3874 1152 3943 enim
1186 3873 1356 3944 illud
1392 3873 1683 3944 alicuius
1720 3893 1814 3942 ex
1840 3872 2123 3943 Achivis
2161 3892 2346 3954 esse3
2389 3871 2848 3944 deliberatum
2886 3890 3052 3944 esse

671 3996 838 4068 ergo
900 3987 1130 4049 utrum
1188 3975 1696 4047 interficeretur
1748 3976 2108 4068 Astyanax
2157 3973 2413 4058 necne;
2484 3998 2839 4068 quumque
2903 3999 3051 4048 non

671 4079 958 4149 dubium
995 4080 1083 4151 sit
1109 4080 1276 4172 quid
1313 4080 1674 4151 decretum
1701 4074 1926 4163 fuerit,
1956 4090 2282 4150 necatum
2310 4099 2467 4148 esse
2498 4101 2823 4172 puerum:
2867 4080 3050 4152 haec

671 4202 785 4251 res
835 4192 1066 4252 autem
1121 4205 1335 4275 quum
1382 4195 1456 4253 et
1504 4193 1751 4253 natura
1806 4203 1962 4253 sua·
1989 4182 2059 4252 et
2106 4202 2456 4253 consensu
2510 4184 2928 4275 scriptorum
2978 4186 3050 4254 in

671 4284 902 4355 media
926 4287 1460 4378 expugnationis
1496 4286 1787 4356 saevitia
1825 4286 2176 4369 acciderit,
2205 4286 2540 4376 consequi
2581 4296 2655 4357 ut
2690 4287 3052 4359 excidium

669 4389 767 4458 Ilii
803 4390 1203 4458 tractaverit
1240 4388 1653 4481 AeschyluS,
1694 4390 1842 4461 sive
1894 4390 2005 4459 ille
2042 4389 2536 4481 Astyanactem
2557 4410 2728 4460 ,eam
2766 4400 3053 4486 tragoe-

670 4492 854 4564 diam
909 4493 1270 4563 vocaverit
1322 4493 1470 4564 sive
1534 4494 1817 4587 πέρσιν,
1887 4492 2079 4585 quod
2142 4492 2566 4585 probabilius
2628 4514 2820 4579 esse,
2886 4496 3053 4587 quia

668 4596 865 4689 pueri
892 4595 1171 4665 infantis
1200 4596 1455 4667 caedes
1484 4595 1555 4664 in
1582 4597 1787 4668 tantis
1820 4592 2039 4668 turbis
2073 4597 2196 4667 vix
2223 4607 2707 4687 argumentum
2734 4599 3052 4692 integrae
