3328 5326
1236 294 1672 356 EURIPIDES.
2533 294 2655 357 215

300 489 440 563 δαις
472 488 731 568 τε’ξουσ’
774 484 934 575 ἐγώ,
977 495 1054 557 ut
1089 486 1406 557 Reiskius
1446 497 1516 556 et
1553 486 1990 578 Musgravius
2031 486 2504 570 coniecerunt,
2546 496 2664 558 aut

296 588 570 670 τέξουσά
605 616 679 660 σε
703 590 1085 683 scripsisse.
1147 590 1350 661 Certe
1380 590 1640 671 τε’ξουσ’
1675 588 1832 680 ἐμοὶ
1864 612 2003 660 non
2034 590 2332 682 scripsit,
2361 591 2663 661 monuit-

289 715 412 784 que
447 693 811 764 Elmsleius
844 693 936 764 ad
972 693 1156 764 Med.
1192 695 1235 764 7
1246 692 1362 764 64».

480 813 560 882 V.
599 817 767 884 803.
827 813 981 884 Non
1019 815 1242 885 solum
1280 814 1649 897 sententia,
1689 812 1817 883 sed
1856 813 2060 883 etiam
2100 823 2322 883 metra
2360 813 2662 906 produnt

291 916 628 987 excidisse
699 938 1016 988 versum:
1090 939 1252 988 nam
1312 929 1685 1008 utrumque
1742 926 2048 1010 systema
2110 937 2364 987 novem
2419 938 2665 989 versus

291 1019 607 1091 habuisse
645 1042 787 1090 non
827 1030 934 1090 est
971 1021 1282 1092 dubium.
1342 1021 1490 1114 Nec
1531 1021 1922 1115 praeconis,
1962 1020 2089 1090 sed
2127 1019 2663 1091 Andromachae

292 1124 490 1194 verba
533 1125 726 1217 prius
761 1135 1066 1217 systema
1104 1125 1434 1196 continet.
1492 1126 1887 1217 Requiritur
1923 1125 2059 1194 tate
2097 1123 2305 1216 quid:

1395 1228 1486 1299 τὰ
1525 1228 1597 1299 δὲ
1633 1226 1873 1299 τοιάδε
1906 1226 2041 1323 χρὴ

896 1327 1325 1427 κηρυκεύειν,
1361 1332 1549 1409 ὅςτις
1577 1330 1906 1410 ἄνοικτος
1955 1422 1958 1426 .

865 1435 1007 1504 καὶ
1045 1434 1401 1512 ἀναιδείας
1437 1436 1563 1529 τῆς
1597 1434 1941 1529 ὑμετέρας

893 1536 938 1633 ἢ
979 1536 1443 1633 σωφροσύνης
1479 1537 1596 1606 καί
1633 1538 1927 1631 πρᾳείας
2048 1539 2053 1544 ’

994 1636 1275 1735 γνώμης
1311 1642 1577 1731 μᾶλλον
1616 1640 1816 1734 φίλος
1858 1640 2075 1712 ἐστίν.

482 1760 564 1829 V.
603 1762 772 1834 825.
846 1762 1000 1832 Non
1049 1763 1165 1853 ἀφ’
1202 1757 1539 1837 Ἑλλάδος
1591 1760 2060 1832 abiiciendum
2099 1772 2268 1846 erat,
2309 1760 2433 1830 sed
2474 1761 2664 1853 quod

295 1864 640 1956 praecedit
678 1865 774 1935 ὅτ’
817 1864 1003 1957 ἔβας.
1068 1863 1179 1934 Sic
1218 1866 1403 1933 enim
1441 1865 1760 1957 procedit
1797 1865 2055 1934 oratio:

693 1967 882 2059 ἔβας,
929 1968 1090 2059 ἔβας

477 2068 853 2165 τοξοφόρῳ
896 2068 1462 2164 συναριστεύσων
1501 2072 1616 2163 ἅμ’
1653 2064 2048 2166 Ἀλκμήνας
2082 2070 2294 2162 γόνῳ,

467 2173 715 2262 Ἴλιον,
748 2174 974 2245 Ἴλιον
1011 2175 1250 2268 ἐκπέρ-

481 2301 655 2364 σων,
688 2270 893 2346 πόλιν
921 2276 1294 2372 ἁμετέραν,
1331 2272 1769 2371 τοπαροιθεν
1798 2276 1913 2369 ἀφ’
1941 2274 2273 2354 Ἑλλάδος
2297 2277 2448 2366 γᾶς.

289 2380 355 2448 ln
398 2378 828 2472 antistropha
876 2402 944 2450 v,
985 2380 1153 2452 832.
1202 2379 1422 2474 πυρὸς
1472 2381 1544 2450 δὲ
1594 2377 1935 2449 delenda:
1996 2379 2215 2475 πυρὸς
2267 2380 2662 2474 interpretis

289 2494 413 2554 est:
454 2481 719 2554 excidit
748 2483 1162 2555 adiectivum
1193 2494 1355 2553 ante
1386 2481 1652 2575 φοίνικι
1683 2483 2262 2577 amphibrachum
2290 2485 2655 2577 praebens

477 2603 555 2674 V.
595 2603 767 2676 845.
829 2604 1179 2675 Seidlerus
1217 2600 1602 2699 εὐνάτορος
1640 2604 1709 2673 in
1748 2604 1954 2683 εὐνὰς
1989 2606 2304 2690 mutavit,
2345 2605 2534 2699 quod
2571 2629 2664 2678 ne

293 2706 548 2778 admitti
586 2708 804 2802 possit
839 2709 1070 2778 obstat
1093 2709 1500 2802 ,spondeum
1540 2710 1657 2799 qui
1703 2719 1780 2780 ut
1817 2709 1886 2777 in
1925 2710 2424 2804 antistrophico
2460 2733 2664 2782 versu

294 2812 671 2883 tribrachus
709 2834 866 2882 esse
896 2811 1220 2882 debebat.
1281 2812 1435 2882 Non
1465 2811 1709 2883 dubito
1735 2812 2050 2906 Euripidi
2080 2813 2379 2884 reddere
2409 2813 2657 2910 ἄορας,

294 2917 469 3007 quod
507 2916 841 3008 coniuges
880 2938 1019 2985 non
1058 2916 1387 2986 distincto
1426 2937 1602 2986 sexu
1640 2915 2008 3009 significat,
2048 2917 2181 2987 hoc
2220 2917 2466 2987 modo:

892 3017 1122 3115 ἠϊόνες
1160 3019 1224 3088 δ’
1269 3019 1461 3088 ἅλιαι

898 3126 1165 3211 ἴακχον·
1212 3121 1370 3191 οἷον
1407 3123 1474 3190 δ’
1516 3121 1692 3217 ὑπὲρ

897 3223 1146 3302 οἰωνὸς
1182 3228 1432 3296 τεκέων
1468 3225 1635 3318 βοᾷ,

894 3333 967 3398 αἱ
1003 3329 1136 3420 μέν
1174 3327 1431 3423 ἄορας,
1476 3333 1552 3398 αἱ
1588 3326 1660 3398 δὲ
1696 3330 1981 3419 παῖδας,

889 3438 963 3502 αἱ
1000 3431 1071 3501 δὲ
1106 3433 1419 3526 ματέρας
1455 3429 1766 3526 γεραιάς.

288 3534 785 3631 Antistrophae‚
827 3537 896 3605 in
935 3557 1073 3629 qua
1109 3558 1175 3605 v.
1211 3537 1382 3606 860.
1416 3532 1500 3604 τὸ
1538 3535 1670 3612 τᾶς
1699 3534 1773 3605 δὲ
1798 3536 2262 3630 λευκοπτέρου
2290 3538 2661 3607 restituen—

290 3638 466 3724 dum,
503 3640 639 3711 hoc
679 3640 806 3711 fuit
843 3640 1148 3710 initium:

892 3744 1089 3839 ἔρως,
1135 3741 1336 3838 ἔρως,
1380 3743 1457 3817 ὃς
1497 3738 1725 3834 πάρος

891 3845 1305 3941 Δαρδανίας
1339 3845 1630 3940 μέλαθρ’
1669 3840 1904 3941 ἦλθες.

292 3964 363 4036 V.
398 3970 560 4041 932.
621 3965 785 4038 τότε
820 3966 1293 4049 scribendum,
1334 3975 1407 4034 et
1440 3988 1505 4035 v.
1543 3968 1693 4036 956
1732 3965 2116 4058 praestabit

658 4069 735 4141 τί
768 4070 848 4166 δη
891 4070 1221 4164 προνοῦσ’
1262 4067 1390 4157 ἐγώ
1422 4070 1484 4138 ’κ
1519 4063 1760 4160 δόμων
1796 4070 1911 4160 ἅμ’
1953 4067 2270 4166 ἑσπόμην

660 4178 908 4268 ξένῳὶ·

481 4297 553 4366 V.
590 4293 724 4366 974
749 4352 762 4364 .
797 4304 988 4364 recte
1025 4291 1290 4363 dictum
1327 4292 1606 4370 ἐνδίκως
1643 4292 1952 4371 δικαίως;
1997 4315 2151 4363 nam
2184 4305 2255 4364 et
2281 4294 2558 4373 ἐνδίκως
2585 4306 2726 4377 etp.
2752 4317 2809 4362 ⁴5

296 4398 619 4478 πανδίκως
656 4420 869 4491 saepe
906 4396 1073 4466 nihil
1111 4396 1243 4465 nisi
1280 4394 1543 4466 omnino
1582 4394 1994 4490 significant.

479 4520 550 4590 V.
577 4519 751 4591 974.
775 4539 942 4589 vera
974 4527 1082 4588 est
1099 4516 1395 4587 Aldinae
1425 4518 1790 4610 scriptura,
1814 4519 2256 4613 aposiopesin
2277 4517 2649 4612 praebens:
