3328 5326
666 371 789 433 472

1670 369 2035 434 CARMINA.

1082 563 1184 633 Ne
1222 573 1413 633 certa
1447 561 1728 631 vibrans
1766 563 1902 632 tela
1937 560 2347 632 retunderes

1083 667 1455 737 Illiberales
1491 666 1778 756 lucifugi
1813 666 2029 735 minas

1185 769 1528 862 TorporiS,
1568 768 1974 861 aeternique
2009 789 2263 861 praeco

1286 872 1619 942 Gentibus
1656 887 2031 943 exorerere
2065 873 2235 941 veri.

1084 1030 1380 1098 Sensere
1419 1027 1648 1096 clarae
1686 1027 1880 1096 vocis
1916 1026 2284 1118 imaginem
2315 1026 2328 1045 ⁸

1082 1131 1247 1203 Luci
1281 1132 1551 1223 negatis
1589 1128 1776 1200 orbis
1813 1129 1883 1197 in
1921 1130 2173 1200 ultimis

1181 1234 1335 1304 Oris
1372 1254 1855 1327 repercussam
1894 1242 2253 1325 stupentes

1285 1336 1716 1408 Credulitatis
1755 1337 1991 1407 inertis
2029 1357 2251 1406 aures,

1082 1494 1197 1576 Tu,
1240 1515 1454 1584 quum
1491 1492 1832 1584 superbos
1870 1491 2097 1561 militis
2133 1490 2383 1561 hostici

1081 1596 1330 1666 Punire
1368 1597 1610 1679 fastuS,
1647 1595 2013 1687 impatiens
2051 1595 2193 1686 iugi

1184 1699 1487 1783 Servilis‚
1527 1707 1938 1790 experrecta
1972 1698 2189 1768 virtus

1285 1802 1576 1872 Pristina
1614 1802 1992 1872 Teutoniae
2027 1802 2340 1894 parabat,

1077 1958 1187 2041 Et,
1228 1957 1286 2026 si
1321 1966 1690 2048 tyrannum
1727 1957 2036 2049 pelleret,
2076 1977 2360 2026 aureum

1080 2063 1404 2156 Sperans,
1447 2060 1656 2130 futuri
1692 2060 1952 2143 nescia,
1992 2061 2328 2143 seculum,

1180 2163 1290 2234 Ad
1328 2185 1525 2233 sacra
1561 2163 1936 2233 festinabat
1973 2183 2183 2247 arma,

1285 2267 1416 2337 Pro
1453 2267 1675 2359 patria
1715 2268 2003 2359 cupiens
2039 2267 2290 2359 perire,

1077 2421 1189 2494 Ad
1226 2422 1402 2493 dura
1438 2422 1674 2492 Martis
1711 2442 2004 2490 munera
2039 2431 2371 2513 protenus

1079 2526 1452 2596 Accinctus
1490 2526 1670 2594 inter
1707 2524 2069 2615 signiferos
2106 2545 2322 2616 grave

1182 2628 1466 2699 Virtutis
1487 2628 1898 2720 ⁴exemplum
1935 2628 2203 2712 stetisti,

1288 2733 1440 2815 Qua
1479 2731 1642 2801 tuba
1680 2730 1971 2802 duceret
2007 2732 2107 2800 ire
2144 2742 2394 2801 certus

1083 2886 1273 2957 Idem
1309 2886 1586 2956 relictas
1623 2884 1949 2979 pacificas
1987 2883 2213 2955 redux

1083 2991 1436 3062 Musarum
1473 2988 1563 3059 ad
1601 3000 1785 3059 artes
1823 3011 2073 3080 magna
2109 2991 2386 3081 negotia

1192 3096 1514 3164 Tractare
1551 3093 1904 3186 sumpsisti
1942 3092 2198 3163 salubri

1288 3197 1420 3267 Pro
1458 3197 1714 3290 populo
1752 3197 2110 3290 patriaque
2149 3215 2382 3277 suasu,

1083 3352 1237 3423 Non
1279 3353 1535 3444 segniS,
1575 3353 1822 3422 urbem
1858 3372 2071 3442 quum
2112 3348 2454 3442 trepidam
2490 3350 2636 3418 fera

1085 3456 1415 3527 Terrente
1451 3455 1655 3525 turba
1689 3455 1998 3525 mascula
2035 3454 2126 3522 ΤΕ
2164 3453 2346 3524 duce

1188 3557 1742 3628 Commilitonum
1779 3556 2110 3628 fortitudo

1288 3661 1608 3731 Restituit
1645 3662 1945 3731 subitam
1982 3660 2307 3752 quietem.

1089 3817 1305 3886 Tanta
1339 3815 1715 3907 refulgenti
1752 3835 1793 3883 o
1830 3815 2091 3885 utinam
2128 3814 2262 3881 Tun

1087 3919 1341 4012 Longis
1380 3926 1622 4011 parata
1657 3916 1865 3987 laude
1901 3916 2252 3987 laboribus

1192 4022 1849 4115 Congratularemur
1884 4019 2143 4090 valenti

1294 4125 1611 4196 Praemia
1645 4126 1868 4218 prima
1906 4133 2104 4194 catae
2140 4123 2485 4194 iuventae.

1087 4280 1543 4352 Grandaevus
1581 4280 1745 4350 olim
1783 4279 1883 4349 sic
1920 4299 2045 4349 sua
2081 4276 2333 4347 dicitur

1091 4382 1376 4455 Sedisse
1414 4384 1659 4454 Peleus
1699 4383 1882 4453 facta
1916 4380 2331 4471 recogitanS‚

1201 4485 1529 4580 Argoque
1565 4495 1842 4558 vectam
1879 4505 2094 4556 saeva
2130 4484 2329 4555 Ponti

1304 4591 1435 4660 Per
1469 4593 1643 4660 freta
1685 4590 2132 4683 Cyaneasque
2170 4597 2431 4664 cautes,
