3328 5326
1322 370 1790 454 sornocLES.
2622 377 2736 440 τοι

369 580 587 650 quam
653 558 1023 632 debebant.
1134 561 1318 645 Quid
1376 562 1563 636 enim
1609 564 1671 634 si
1719 564 1889 637 istae
1942 565 2275 656 reliquiae
2326 577 2485 637 sunt
2537 568 2747 639 attriti
2762 581 2815 632 p·
2836 573 2898 620 ⁴⁹

369 662 834 754 antiquissimi
871 664 1177 736 codicis?
1247 665 1519 759 Optime
1569 667 1756 746 enim
1802 668 1901 738 sic
1949 669 2290 760 integrata
2326 670 2740 763 procedent:

365 833 394 839 ..
474 770 577 836 N.
632 766 778 845 πῶς
824 769 1073 861 Mysas,-
1127 770 1220 839 Φ.
1263 773 1463 863 εἴρξω
1515 765 1823 856 πελάζειν
1875 772 2001 867 σῆς
2030 768 2333 867 πάτρας.
2386 777 2526 846 .Ν.
2571 776 2745 858 αἰνῶ

1209 927 1214 936 ,
2022 869 2214 964 τάδ’,
2271 875 2388 965 ὠς,
2538 959 2544 966 ,

473 974 544 1042 εἰ
568 998 645 1061 γε
680 974 848 1072 ὸρᾷς
882 970 1035 1044 ταδ’
1077 974 1296 1069 ὥςπερ
1335 976 1582 1068 αὐδᾷς,
1625 982 1851 1066 στεῖχε
1884 976 2278 1071 προςκύσας
2311 973 2571 1072 χθόνα.

369 1073 488 1143 Sic
529 1075 706 1145 αινῶ
743 1074 911 1146 τάδε
946 1098 1158 1169 supra
1193 1077 1455 1149 dictum
1491 1100 1555 1148 V.
1592 1082 1762 1150 889.
2417 1166 2425 1172 ἡ
2504 1165 2515 1172 .

579 1177 734 1247 Non
769 1178 1094 1251 videntur
1129 1181 1297 1254 vitio
1335 1201 1559 1254 vacua
1591 1199 1752 1254 esse
1787 1183 1964 1254 haec
2000 1206 2067 1252 v,
2106 1181 2329 1255 4428

684 1282 957 1381 πέρσεις
990 1310 1062 1353 τε
1113 1284 1379 1379 Τροίαν
1420 1283 1633 1357 σκῦλά
1669 1289 1725 1356 τ’
1765 1289 1862 1368 εἰς
1894 1290 2223 1381 μέλαθρα
2263 1286 2351 1359 σὰ

683 1386 1007 1477 πέμψεις,
1051 1387 1340 1482 ἀριστεῖ
1382 1388 1686 1480 ἐκλαβών
1725 1387 2283 1483 στρατεύματος,

684 1486 995 1559 Ποίαντι
1030 1490 1245 1585 πατρὶ
1282 1490 1457 1584 πρὸς
1492 1490 1768 1587 πάτρας
1812 1495 2030 1587 Οἴτης
2070 1489 2325 1570 πλάκα.

682 1592 728 1660 ἃ
766 1592 825 1661 δ’
868 1592 957 1662 ἄν
991 1587 1204 1686 λάβῃς
1241 1593 1325 1663 σύ
1366 1591 1580 1666 σκῦλα
1615 1596 1819 1666 τοῦδε
1857 1596 1989 1668 τοῦ
2028 1597 2368 1691 στρατοῦ,

680 1691 904 1776 τόξων
940 1696 1128 1786 ἐμῶν
1162 1701 1475 1791 μνημεῖα
1510 1697 1688 1792 πρὸς
1722 1697 1953 1793 πυρὰν
1988 1698 2165 1795 ἐμὴν

679 1791 940 1888 κόμιζε.

362 1900 543 1972 Nam
582 1898 751 1970 illud
786 1900 990 1970 τοῦδε
1027 1903 1157 1970 τοῦ
1199 1904 1536 1995 στρατοῦ,
1580 1902 1773 2024 quod
1808 1925 1950 1976 non
1998 1905 2309 1998 potuisse
2347 1905 2437 1976 de
2473 1905 2745 1978 Graeco

362 2003 686 2074 exercitu
723 2002 861 2073 dici
896 2012 1109 2096 patet,
1152 2003 1456 2075 debebat
1491 2006 1621 2076 τοῦ
1673 2004 1935 2100 Τρώων
1973 2009 2284 2102 στρατοῦ
2320 2008 2489 2094 dici,
2533 2032 2746 2102 quum

361 2107 779 2201 praesertim
828 2105 919 2176 de
956 2107 1225 2178 Graeco
1273 2108 1590 2179 exercitu
1631 2109 1846 2181 modo
1881 2109 2146 2181 dictum
2185 2121 2372 2181 esset
2411 2110 2747 2207 στρατεύ-

359 2236 626 2301 ματος.
688 2210 982 2279 Omnino
1022 2220 1253 2281 autem
1282 2233 1426 2282 non
1452 2220 1729 2305 poterat
1754 2213 1963 2283 τοῦδε
2000 2213 2227 2297 adiici,
2267 2216 2465 2306 quasi
2502 2225 2620 2286 aut
2654 2216 2746 2287 de

358 2323 764 2408 praesente,
802 2324 921 2384 aut
957 2313 1046 2385 de
1085 2336 1221 2406 quo
1250 2315 1461 2386 modo
1490 2336 1721 2386 sermo
1751 2316 2014 2388 fuisset.
2073 2317 2406 2389 Nimirum
2436 2321 2745 2414 στρατοῦ

359 2417 669 2488 alienum
705 2416 793 2486 ab
830 2417 964 2487 hoc
1001 2418 1158 2490 loco
1195 2428 1320 2489 est.
1383 2419 1801 2512 Scripserat,
1842 2420 2079 2505 cred0‚
2121 2422 2504 2515 Sophocles
2539 2423 2744 2493 τοῦδε

356 2523 499 2591 τοῦ
548 2517 827 2590 στόλου.
915 2520 1089 2591 Nam
1140 2544 1319 2613 quae
1367 2522 1786 2594 Philoctetes
1838 2523 2003 2609 hac,
2049 2524 2120 2594 in
2156 2546 2364 2617 quam
2403 2525 2744 2610 educitur,

358 2623 815 2718 expeditione
853 2624 1002 2718 ipse
1039 2626 1172 2696 sibi
1208 2636 1535 2720 capturus
1574 2636 1683 2698 est
1718 2628 1970 2721 spolia,
2011 2627 2103 2699 ad
2148 2650 2396 2723 rogum
2431 2629 2746 2701 Herculis

359 2728 729 2821 deponere
767 2728 1062 2800 iubetur.

576 2831 796 2901 Valde
830 2854 963 2902 nec
1001 2833 1151 2903 sine
1188 2855 1436 2905 caussa
1473 2843 1826 2905 torserunt
1862 2835 2140 2905 criticos
2179 2836 2286 2906 illa
2325 2859 2392 2906 v.
2432 2835 2650 2907 ⁴443.

881 2936 923 3030 ἦ
962 2935 1093 3031 γὰρ
1130 2937 1445 3028 εὐσέβεια
1483 2936 1906 3034 συνθνῄσκει
1938 2944 2253 3032 βροτοῖς,

676 3038 805 3107 κᾶν
843 3040 1008 3123 ζῶσι
1046 3038 1175 3108 κᾶν
1209 3036 1559 3129 θάνωσιν,
1605 3042 1731 3109 οὐκ
1768 3038 2171 3111 ἀπόλλυται.

356 3142 571 3214 Nullo
609 3141 819 3213 modo
858 3140 1126 3211 admitti
1153 3150 1383 3235 potest
1412 3141 1774 3234 Tyrwhitti
1801 3143 2061 3236 opinio,
2095 3138 2558 3240 συνθνῄσκειν
2586 3166 2744 3215 esse

353 3243 567 3318 simul
618 3245 705 3315 ad
759 3241 1004 3314 Orcum
1058 3244 1477 3329 descendere,
1535 3266 1716 3337 quae
1764 3246 1937 3317 ratio
1987 3246 2320 3338 loquendi
2366 3257 2437 3316 et
2485 3249 2636 3319 usui
2673 3259 2745 3318 et

358 3370 585 3421 sanae
639 3349 885 3420 rationi
937 3358 1306 3441 repugnat,
1362 3348 1553 3441 quod
1603 3349 1778 3419 mori
1830 3372 1988 3421 cum
2038 3349 2270 3441 aliquo
2322 3372 2463 3420 non
2515 3360 2746 3444 potest

363 3454 508 3526 ullo
555 3461 760 3545 pacto
820 3450 1214 3544 significare
1266 3452 1360 3521 ita
1423 3453 1725 3545 aliquem
1784 3453 1872 3525 ad
1929 3453 2183 3524 Orcum
2237 3453 2584 3539 comitari,
2644 3465 2741 3541 ut,

356 3556 556 3650 quod
612 3555 1011 3641 comitatur,
1064 3578 1202 3626 non
1254 3556 1616 3641 moriatur,
1676 3556 1801 3628 sed
1868 3557 2109 3628 vivum
2170 3558 2408 3650 vigere
2474 3568 2738 3651 pergat.

356 3662 605 3752 ltaque
643 3670 762 3731 aut
790 3659 1031 3752 Toupii
1070 3659 1469 3729 coniectura
1504 3660 1867 3753 probanda
1905 3670 2115 3745 esset,
2147 3662 2231 3731 οὐ
2258 3660 2390 3756 γὰρ
2416 3660 2743 3757 ἡὺσεβεια

359 3760 792 3859 συνθνήσκει
840 3768 1162 3857 βροτοῖς,
1218 3784 1399 3855 quae
1451 3784 1682 3855 neque
1729 3765 1818 3836 ab
1848 3764 2062 3835 ,libris
2114 3764 2492 3856 quidquam
2539 3785 2744 3856 prae-

354 3867 524 3939 sidii
561 3866 789 3950 habet,
831 3876 902 3935 et
939 3866 1103 3936 facit
1139 3876 1214 3937 ut
1250 3866 1681 3939 abiiciendus
1719 3869 1807 3938 sit
1833 3868 1951 3959 qui
1979 3867 2293 3960 sequitur
2318 3887 2585 3951 versuS,
2626 3876 2746 3938 aut

352 3969 768 4064 quaerenda
806 3978 914 4039 est
948 3969 1084 4053 via,
1123 3992 1258 4061 qua
1299 3979 1369 4039 et
1401 3968 1516 4040 hic
1545 3992 1791 4042 versus
1828 3980 1899 4041 et
1936 3970 2218 4041 omissio
2246 3970 2636 4063 negationis
2674 3971 2745 4040 in

356 4072 836 4169 praecedente
874 4094 1083 4144 versu
1125 4073 1346 4166 possit
1396 4074 1739 4144 sustineri.
1825 4074 1925 4144 Ea
1980 4082 2231 4166 sponte
2284 4094 2362 4144 se
2398 4072 2635 4158 offert,
2686 4076 2745 4146 si

360 4177 637 4250 adscita
671 4175 999 4246 Ellendtii
1046 4176 1448 4250 coniectura
1491 4179 1619 4246 κάν
1656 4178 1824 4263 ζῶσι
1857 4178 1986 4247 κάν
2021 4176 2378 4248 θανοῦσιν
2423 4178 2625 4250 unius
2674 4179 2742 4247 in

358 4282 601 4376 priore
636 4301 848 4351 versu
883 4280 1152 4350 litterae
1180 4281 1508 4373 neglectu
1533 4280 1791 4352 factum
1822 4279 2239 4373 putabimuS,
2281 4289 2353 4352 ut
2391 4290 2745 4352 corrector

359 4383 841 4456 restituendae
879 4383 1264 4454 sententiae
1302 4404 1552 4455 caussa
1589 4383 1658 4453 in
1697 4384 1912 4453 altero
1949 4382 2139 4454 aliud
2173 4384 2577 4477 ponendum
2613 4408 2744 4477 pu-
2759 4404 2898 4466 pso

356 4497 551 4559 taret
586 4487 896 4571 verbum,
935 4507 1145 4579 quam
1173 4486 1362 4579 quod
1390 4507 1429 4556 a
1456 4495 1668 4579 poeta
1694 4487 2025 4579 scriptum
2072 4487 2316 4558 fuerat.
2373 4486 2746 4581 Aptissime

365 4592 563 4663 enim
598 4589 767 4663 haec
804 4590 904 4661 sic
943 4590 1197 4683 corrigi
1231 4599 1560 4684 possunt:
