3328 5326
650 369 769 429 ⁴60
1604 364 2083 427 AESCHYLUS.

647 558 923 642 chorus,
954 558 1070 651 qui
1100 558 1290 651 prius
1319 579 1415 630 ex
1437 556 1835 641 duodecim,
1876 567 2038 650 post
2067 578 2163 627 ex
2199 556 2598 649 quindecim
2633 557 3029 628 hominibus

647 672 976 734 constans
1022 683 1167 732 non
1206 662 1433 733 solum
1471 662 1730 754 ubique
1769 663 1916 731 fere
1952 679 2080 754 pro
2118 662 2338 732 multo
2372 662 2635 731 maiore
2671 661 3029 732 hominum

647 765 1093 838 multitudine
1118 776 1252 850 est,
1292 764 1421 838 sed
1455 765 1666 835 etiam
1719 785 1848 857 pro
1897 776 2092 835 certo
2136 785 2363 857 eoque
2414 764 2720 834 maxime
2768 764 3030 858 dispari

646 891 963 953 numero,
1002 869 1185 940 utun
1221 869 1658 962 supplicibus
1697 868 2022 961 Aeschyli
2061 878 2138 937 et
2174 869 2599 940 Danaidihus
2651 889 2780 961 pro
2830 868 3026 960 quin-

647 973 975 1067 quaginta
1040 971 1310 1043 filiabus
1370 974 1586 1043 Danai
1648 972 2082 1065 totidemque
2153 991 2392 1044 earum
2458 971 2746 1042 ancillis.
2856 972 3038 1041 Hinc

649 1076 995 1147 aestimari
1033 1076 1221 1161 lieet,
1256 1075 1701 1170 splendidum
1745 1087 1816 1146 et
1841 1073 2310 1169 magnificum
2356 1076 2545 1147 illum
2598 1085 3036 1169 apparatum,

649 1201 863 1273 quem
908 1180 1020 1254 isti
1073 1200 1253 1272 quos
1310 1179 1460 1250 dixi
1512 1180 1643 1250 viri
1713 1180 2231 1273 excogitarunt,
2290 1178 2823 1272 relinquendum
2876 1199 3041 1249 esse

649 1304 835 1355 vana
871 1285 1142 1354 somnia
1176 1282 1469 1377 simplici
1497 1283 1771 1354 veritati
1800 1283 2380 1377 praeferentibus
2411 1301 2641 1375 neque
2670 1282 3042 1353 inferenda

651 1388 720 1458 in
766 1387 1145 1472 theatrum,
1184 1408 1365 1479 quae
1400 1385 1904 1471 AthenienseS,
1941 1386 2060 1480 qui
2099 1387 2429 1481 Aeschyli
2480 1386 2879 1480 tragoedias
2929 1388 3046 1479 agi

651 1491 999 1574 viderunt,
1037 1512 1181 1561 non
1216 1492 1442 1561 sol-um
1477 1490 1928 1583 stupuissent,
1969 1490 2097 1562 sed
2133 1491 2344 1561 etiam
2383 1492 2719 1562 risissent.

664 1654 669 1658 .
856 1595 929 1663 In
967 1592 1497 1686 Agamemnone
1530 1594 1845 1687 conspici
1883 1594 1978 1664 ait
2009 1595 2354 1678 Franzius‚
2396 1604 2473 1666 ut
2506 1596 2819 1665 omittam
2857 1614 3048 1686 quae

653 1698 1041 1790 Droysmio
1095 1698 1338 1769 ludere
1400 1698 1694 1791 placuit,
1747 1699 2011 1790 regiam
2057 1696 2433 1790 Argorum,
2488 1699 2684 1769 cuius
2739 1697 3042 1769 duarum

652 1804 917 1873 alarum
957 1802 1026 1870 in
1063 1802 1313 1872 dextra
1338 1802 1707 1872 domestici
1739 1801 2074 1888 habitent,
2108 1803 2176 1871 in
2214 1802 2490 1872 sinistra
2530 1811 2760 1872 autem
2801 1801 3050 1894 hospi-—

653 1916 763 1976 tes
796 1905 1247 1998 accipiantur.
1322 1903 1539 1976 Recte
1574 1905 1711 1975 hoc
1746 1906 2053 1998 quidem,
2093 1906 2152 1976 si
2189 1905 2510 1975 dextram
2548 1906 3050 1996 sinistramque

653 2008 842 2093 dica,
874 2031 1055 2102 quae
1093 2010 1607 2102 spectatoribus
1644 2009 1736 2080 ad
1774 2009 2095 2080 dextram
2133 2010 2619 2101 sinistramque
2649 2010 2804 2079 sint.
2867 2008 3052 2078 Nam
3123 2039 3128 2046 ·

655 2123 922 2184 veteres
971 2113 1352 2207 pugnantia
1404 2115 1585 2183 inter
1633 2135 1711 2184 se
1762 2124 2187 2197 memorant,
2237 2114 2308 2181 in
2358 2112 2580 2205 iisque
2629 2113 2746 2205 qui
2785 2133 2918 2183 sua
2955 2133 3057 2183 ex

652 2217 949 2288 diversis
999 2217 1450 2310 scriptoribus
1504 2217 1859 2309 excerpsit
1911 2218 2176 2288 Pollux.
2235 2216 2441 2310 Apud
2494 2236 2653 2287 eum
2705 2216 2813 2285 IV.
2870 2217 3053 2286 ⁴25.

655 2321 830 2391 haec
868 2320 1223 2412 leguntur:
1264 2325 1339 2392 ἐν
1377 2320 1450 2391 δὲ
1483 2319 1838 2414 τραγῳδίᾳ
1871 2319 1913 2414 ἡ
1952 2320 2087 2410 μὲν
2121 2321 2312 2401 δεξιὰ
2332 2318 2536 2414 19de
2565 2318 2778 2402 ξενών
2816 2323 3053 2402 ἐστιν,

652 2422 886 2518 εἱρκτῆ
939 2423 1009 2492 δὲ
1054 2424 1096 2518 ἡ
1143 2419 1335 2493 λαιά.
1440 2421 1695 2493 Credet
1730 2423 1908 2514 quiS,
1947 2423 2276 2515 quoniam
2313 2424 2562 2495 dextra
2600 2423 2862 2516 ubique
2924 2444 3057 2520 po-

658 2527 831 2598 tiora
875 2524 1258 2609 habentur,
1296 2526 1621 2596 dextram
1659 2525 1798 2595 (lici
1834 2546 2016 2618 quae
2054 2527 2340 2598 exeunti
2376 2549 2471 2598 ex
2505 2527 2700 2620 regia
2735 2526 2827 2597 ad
2864 2525 3062 2597 dex-

656 2639 832 2700 tram
868 2629 976 2699 sit.
1052 2630 1140 2699 At
1190 2629 1248 2721 §.
1290 2631 1455 2703 426.
1502 2629 1596 2699 ita
1643 2629 1975 2722 scriptum
2029 2641 2168 2701 est:
2221 2633 2379 2727 παρ’
2431 2628 2721 2726 ἑκάτερα
2774 2630 2872 2702 δὲ
2902 2632 3065 2702 τῶν

657 2730 787 2805 δύο
830 2732 1079 2828 θυρῶν
1126 2735 1273 2803 τῶν
1323 2732 1481 2828 περὶ
1529 2732 1663 2829 τήν
1708 2736 1931 2831 μέσην
1977 2735 2179 2805 ἄλλαι
2224 2731 2351 2804 δύο
2387 2731 2528 2806 εἷεν
2562 2734 2678 2822 ἂν,
2719 2732 2856 2824 μία
2893 2739 3062 2805 ἕκα-

658 2837 997 2932 τέρωθεν,
1041 2836 1218 2930 πρὸς
1255 2837 1338 2914 ἃς
1374 2843 1450 2907 αἱ
1485 2836 1848 2931 περίακτοι
1879 2835 2438 2934 συμπεπήγασιν,
2480 2838 2526 2933 ἡ
2561 2836 2693 2928 μὲν
2729 2835 2926 2918 δεξιὰ
2970 2839 3067 2909 τὰ

658 2940 789 3023 ἔξω
820 2937 1084 3017 πόλεως
1128 2940 1460 3036 δηλοῦσα,
1511 2940 1553 3036 ἡ
1592 2942 1656 3010 ὸ
1699 2941 1904 3035 {vt-‘oa
1939 2940 2031 3011 τὰ
2066 2945 2138 3012 ἐκ
2173 2938 2461 3030 πόλεως,
2502 2938 2812 3031 μάλιστα
2847 2938 2956 3010 τὰ
2993 2945 3071 3013 ἐκ

656 3044 960 3135 λιμένος.
1007 3082 1098 3097 ——-
1141 3043 1284 3113 τῶν
1329 3069 1578 3169 μενῖοι
1628 3042 1962 3138 παρόδων
2008 3045 2049 3141 ἡ
2104 3045 2236 3135 μὲν
2283 3045 2471 3126 δεξιὰ
2521 3041 2836 3138 ἀγρόθεν
2880 3043 2931 3139 ἢ
2990 3048 3068 3116 ἐκ

656 3147 1013 3273 λιμένος
968 3174 1010 3242 η
1050 3151 1122 3218 ἐκ
1158 3143 1418 3223 πόλεως
1455 3147 1631 3237 ἄγει,
1675 3153 1747 3216 οἱ
1784 3147 1856 3218 δὲ
1893 3145 2283 3236 ἀλλαχόθεν
2309 3147 2499 3230 πεζοι
2530 3143 3064 3237 ἀφικνούμενοι

659 3249 841 3320 κατὰ
867 3247 1001 3346 τὴν
1021 3251 1273 3344 ἑτέραν
1294 3249 1610 3326 εἰςιάσιν.
1671 3251 1859 3321 Haec
1889 3261 2132 3343 aperte
2157 3251 2594 3321 diversorum
2626 3249 3068 3341 scriptorum

661 3352 882 3422 verba
918 3365 1106 3423 sunt:
1149 3374 1311 3423 nam
1347 3353 1406 3422 si
1440 3353 1698 3424 dextra
1724 3352 2097 3448 περίακτος
2124 3375 2306 3446 quae
2334 3363 2535 3423 extra
2575 3354 2818 3423 urbem
2859 3368 3066 3439 sunt,

538 3448 940 3550 ”pssiuistra
976 3467 1210 3528 autem
1243 3477 1425 3548 quae
1462 3457 1551 3527 ab
1591 3458 1762 3528 urbe
1801 3468 1871 3527 et
1908 3467 2110 3550 portu
2151 3468 2491 3550 apparent
2525 3454 2858 3539 ostendit,
2910 3478 3071 3530 non

663 3569 976 3653 possunt,
1015 3570 1093 3630 ut
1135 3561 1310 3630 alter
1359 3560 1549 3647 dicit,
1588 3559 1706 3652 qui
1747 3580 1840 3629 ex
1880 3560 2050 3630 urbe
2087 3571 2206 3632 aut
2241 3580 2401 3632 rure
2438 3571 2557 3631 aut
2594 3581 2635 3630 a
2671 3570 2880 3653 portu
2938 3585 3073 3633 ve-

660 3664 893 3748 niunt,
944 3684 1125 3756 quae
1179 3664 1527 3756 pertinent
1579 3663 1670 3734 ad
1726 3663 2002 3748 urbem,
2055 3685 2097 3733 e
2135 3664 2392 3735 dextro
2427 3664 2654 3748 aditu,
2694 3667 3069 3757 peregrini

662 3778 896 3838 autem
933 3788 976 3837 e
1012 3767 1289 3838 sinistro
1342 3767 1657 3860 prodire:
1713 3789 1806 3837 ex
1841 3787 1981 3859 quo
2018 3767 2467 3861 consequitur
2503 3768 2797 3838 alterum
2853 3779 2937 3839 ut
2994 3772 3068 3840 in

663 3871 1056 3961 prosceniO,
1096 3873 1389 3943 alterum
1418 3880 1496 3942 ut
1520 3871 1702 3941 inter
1729 3880 2162 3964 spectatores
2188 3881 2486 3942 stantem
2514 3890 2672 3941 esse
2700 3871 3068 3945 locutum:

662 3983 734 4042 et
770 3972 881 4043 hic
919 3976 1200 4067 quidem
1237 3975 1444 4047 etiam
1482 3974 1650 4045 illud
1687 3984 1880 4044 recte
1918 3975 2213 4069 scripsit,
2254 3975 2372 4067 qui
2406 3974 2704 4068 pedibus
2739 3975 3069 4064 veniant,

663 4096 909 4146 eoram
961 4086 1121 4149 esse
1169 4078 1521 4149 sinistrum
1575 4078 1871 4150 aditum:
1926 4100 2087 4148 nam
2142 4080 2260 4171 qui
2313 4076 2664 4172 peregrini
2706 4079 2870 4147 navi
2931 4100 3075 4176 ap-

666 4180 1027 4272 pulerunt,
1082 4203 1175 4252 ex
1224 4193 1420 4275 portu
1471 4182 1587 4273 qui
1642 4181 1734 4252 ad
1787 4182 2027 4252 urbem
2079 4194 2186 4252 est
2236 4203 2324 4252 ea
2361 4198 2500 4274 qua
2539 4180 2667 4275 ipsi
2704 4182 2895 4252 cives
2938 4187 3070 4259 via

667 4283 975 4353 veniunt.
1089 4285 1258 4356 Cum
1330 4285 1560 4379 priore
1613 4286 1888 4356 illorum·
1939 4286 2355 4379 scriptorum
2410 4285 2757 4356 consentit
2811 4286 2875 4356 is
2937 4294 3074 4382 qui

666 4386 946 4480 scripsit
970 4388 1249 4479 quaein
1277 4390 1419 4459 vita
1449 4388 1929 4482 Aristophanis
1957 4412 2021 4483 p.
2044 4390 2215 4459 xlv.
2240 4391 2305 4460 b.
2337 4389 2408 4459 in
2431 4389 2703 4460 Kusteri
2732 4389 3072 4465 editione

664 4489 756 4562 de
807 4491 1025 4562 choro
1071 4491 1255 4562 dicta
1306 4502 1501 4565 sunt:
1558 4492 1675 4562 καὶ
1710 4494 1779 4562 εἰ
1807 4492 1938 4583 μὲν
1977 4493 2069 4570 ὥς
2105 4492 2244 4563 ἀπὸ
2281 4494 2408 4589 τῆς
2444 4490 2705 4570 πόλεως
2739 4492 3072 4587 ἤρχοντο

665 4594 781 4665 ἐπὶ
826 4594 913 4666 τὰ
961 4595 1300 4690 θώπρον,
1352 4594 1467 4666 διὰ
1512 4597 1639 4694 τῆς
1690 4594 2065 4692 ἀριστερᾶς
2115 4596 2370 4687 ἁψῖδος
2417 4592 2653 4689 εἰςῄει,
2709 4597 2779 4664 εἰ
2823 4597 2905 4667 δὲ
2967 4602 3074 4680 ὥς
