3328 5326
1318 396 1621 462 ATTIUS.
2082 397 2086 402 ’
2540 401 2666 460 393
2744 437 2748 441 -

278 587 520 683 iuquit,
560 590 758 664 dubio
797 590 1101 676 dimissel,
1141 590 1274 661 uisi
1312 591 1392 664 ab
1423 590 1713 662 Hesiodo
1750 590 1887 661 iam
1924 591 2171 662 dictum
2206 592 2472 662 videret.
2567 589 2667 665 De

291 688 573 787 Cyclope
598 693 850 788 itidem,
881 693 1116 790 iuquit,
1155 694 1258 765 vel
1293 695 1583 766 maoeime
1612 694 1786 789 quod
1812 694 2133 766 unoculus
2165 694 2316 789 fuit,
2355 718 2494 766 rem
2532 705 2665 768 lam

289 793 617 891 iusiquem
645 821 776 868 uon
793 798 1244 892 praeterisset,
1273 798 1406 872 uisi
1443 822 1647 893 aeque
1681 798 1929 893 prioris
1958 796 2236 880 Hesiodi
2265 798 2668 870 carminibus

277 897 696 992 ‘iuvulqalum
733 911 916 972 esset.
976 902 1130 974 Non
1165 904 1412 986 miror,
1437 902 1625 995 quod
1664 902 1772 974 his
1808 903 2243 996 potissimum
2270 903 2503 974 verbis
2542 903 2667 973 ad-

288 1000 540 1073 ductus
578 1015 685 1076 est
721 1006 1143 1099 Madvigius,
1201 1019 1272 1078 ut
1323 1027 1532 1100 prosa
1585 1007 1902 1077 oratione
1940 1006 2070 1076 hos
2106 1006 2319 1076 libros
2356 1006 2445 1077 ab
2480 1004 2666 1076 Attio

278 1107 585 1200 scriptos
634 1119 932 1201 putaret.
1007 1110 1120 1180 Me
1165 1109 1450 1202 quidem
1498 1109 1678 1182 haec
1714 1131 1858 1181 non
1895 1131 2321 1203 magnopere
2356 1122 2661 1180 movent,

285 1209 440 1280 Non
490 1212 678 1282 enim
727 1212 862 1284 hoc
902 1213 1198 1285 verbum
1243 1213 1490 1309 iuquit,
1542 1235 1684 1306 quo
1721 1235 1888 1285 usus
1926 1223 2032 1283 est
2068 1212 2362 1297 GelliuS,
2412 1213 2668 1284 indicio

276 1325 395 1383 est
431 1315 585 1407 ipsa
621 1338 782 1405 eum
809 1317 1028 1390 verba
1054 1316 1221 1387 Attii
1250 1318 1619 1389 rettulisse.
1682 1317 1977 1410 Usurpat
2007 1317 2191 1387 enim
2223 1316 2355 1387 hoc
2384 1317 2671 1389 verbum

277 1418 498 1487 etiam
561 1419 682 1489 ubi
742 1422 888 1492 suis
951 1421 1185 1491 verbis
1249 1422 1319 1491 in
1383 1421 1758 1492 afferendis
1818 1422 2235 1515 scriptorum
2310 1421 2670 1492 sententiis

290 1522 531 1592 utitur:
582 1522 684 1592 sic
721 1524 769 1594 Ι.
807 1527 873 1594 3.
914 1527 1230 1618 saepiuS,
1284 1535 1356 1595 et
1391 1526 1497 1595 III.
1546 1528 1610 1594 5.
1652 1524 1758 1594 VI.
1808 1528 1874 1595 4.
1919 1526 1986 1598 2.
2030 1536 2236 1617 atque
2288 1524 2436 1594 aliis
2476 1525 2666 1596 locis.

281 1624 474 1707 Quin
525 1648 616 1697 ne
666 1648 843 1720 opus
897 1628 1181 1720 quidem
1227 1638 1335 1698 est
1382 1640 1458 1700 ut
1508 1650 1670 1699 eum
1721 1649 1903 1721 quae
1939 1629 2029 1698 ab
2063 1628 2251 1699 Attio
2289 1627 2474 1699 dicta
2511 1649 2670 1697 esse

287 1728 568 1821 scripsit
617 1752 759 1802 non
812 1731 979 1825 ipsis
1031 1732 1538 1826 propemodum
1576 1732 1744 1801 Attii
1792 1732 2020 1803 verbis
2066 1733 2466 1803 enuntiasse
2517 1753 2672 1800 cre-

271 1830 557 1920 damuS,
596 1856 809 1925 quum
845 1846 1095 1929 sponte
1133 1857 1210 1910 se
1249 1836 1500 1924 offerre
1540 1835 1909 1908 videantur
1944 1836 2213 1910 numeri
2250 1834 2612 1906 trochaici:

802 1935 1131 2010 Achillem
1170 1961 1373 2033 quum
1408 1945 1480 2008 iu
1506 1938 1843 2035 principio
1881 1939 2196 2020 carminis

391 2036 575 2109 Pe'lei
611 2063 750 2111 esse
786 2040 980 2126 dixit,
1018 2066 1152 2113 uou
1188 2043 1335 2137 quis
1354 2046 1536 2113 e'ssel
1572 2039 1809 2113 Peleus
1845 2042 2105 2114 dddidil
2118 2070 2139 2113 :

389 2140 586 2225 Quo'd
611 2144 853 2238 procul
888 2144 1089 2217 dubio'
1126 2145 1421 2231 dixisset,
1460 2146 1593 2217 uisi
1629 2146 1704 2217 id
1739 2145 1820 2218 ab
1859 2144 2150 2218 Hesiodo
2188 2147 2357 2217 satis

392 2242 542 2314 Iam
579 2245 826 2317 dictum
859 2248 1129 2322 videret.
1209 2261 1214 2264 ’

386 2346 492 2418 De'
531 2345 811 2446 Cyclope
845 2352 1078 2423 ilide'm
1112 2353 1214 2423 vel
1249 2352 1540 2428 mamime'
1576 2352 1751 2448 quod
1787 2352 2107 2423 unoculus
2140 2351 2293 2446 suit,

389 2450 559 2522 Re'm
595 2461 728 2526 tam
761 2454 1088 2550 iusiyuem
1123 2455 1308 2540 haud
1333 2456 1784 2552 praeterisset,
1822 2455 1955 2527 uisi
1981 2455 2237 2552 prioris
2273 2455 2568 2551 aequiter

390 2553 669 2628 He'siodi
706 2560 1110 2630 carminibus
1144 2559 1482 2655 vulyalum
1518 2563 1701 2631 e'sset.

274 2657 498 2732 Porro
551 2662 739 2756 apud
787 2663 1088 2741 Nonium
1137 2687 1231 2735 ex
1285 2665 1600 2736 secundo
1658 2665 1833 2735 libro
1887 2662 1959 2733 in
2007 2660 2326 2734 redhoslil
2380 2688 2444 2758 p.
2497 2667 2666 2735 465.

275 2764 475 2857 quod
514 2767 763 2838 vitiose
814 2771 1148 2863 scriptum
1196 2780 1333 2853 est,
1381 2778 1453 2839 ul
1503 2768 1662 2839 dum
1711 2768 1913 2839 velint
1948 2766 2325 2838 brevitatem
2363 2767 2672 2862 consequi

279 2867 668 2955 verborum,
723 2870 920 2942 aliter
972 2896 1052 2943 ac
1100 2872 1189 2943 sit
1230 2873 1515 2943 relatum
1562 2871 1927 2942 redhostire
1962 2893 2308 2965 sponsum,
2349 2872 2467 2942 ubi
2504 2872 2666 2942 edd.

280 2973 616 3043 Iunianae
653 2998 733 3044 ac
766 2975 852 3045 sit
887 2978 1211 3046 omittunt
1244 2974 1766 3046 emendandum
1808 2973 2080 3045 videtur
2114 2973 2251 3042 hoc
2290 2974 2534 3044 modo:

1112 3087 1205 3163 ut,
1245 3077 1405 3148 dum
1438 3077 1642 3148 velint
1675 3076 2055 3147 brevitatem
2091 3076 2396 3171 consequi

403 3177 784 3266 Verborum,
826 3179 1043 3266 aliter,
1083 3183 1162 3252 dc
1196 3180 1478 3252 relatam
1513 3184 1901 3275 responsum
1938 3186 2054 3263 est,
2091 3176 2518 3249 redho'sliaut.

281 3284 461 3354 Eam
509 3284 842 3376 loquendi
889 3288 1179 3357 formam
1219 3307 1313 3356 ex
1351 3284 1688 3356 Cicerone
1734 3283 1933 3353 affert
1970 3282 2232 3353 Nonius
2269 3283 2339 3353 in
2384 3280 2669 3352 relatum

280 3411 352 3480 p.
390 3390 564 3462 380.
603 3387 991 3475 videbimus,
1032 3412 1232 3483 quum
1269 3388 1469 3483 leqati
1503 3411 1823 3483 respousa
1858 3385 2245 3458 rettulerint.
2330 3386 2475 3456 Nec
2514 3408 2670 3457 cer-

275 3503 433 3563 tum
486 3513 735 3585 prosae
773 3493 1101 3564 orationis
1138 3492 1413 3586 signum
1450 3492 1791 3586 praebent
1827 3513 1921 3561 ex
1957 3490 2211 3561 eodem
2246 3490 2424 3561 libro
2463 3490 2670 3560 allata

277 3597 375 3665 ab
412 3594 641 3667 Nonio
676 3597 894 3668 verba
939 3598 1009 3667 in
1056 3597 1364 3667 temerius
1400 3620 1465 3690 p.
1510 3597 1680 3668 478.
1712 3594 1829 3666 sed
1868 3592 2232 3689 Euripides
2277 3593 2391 3689 qui
2437 3591 2669 3663 choros

279 3697 600 3770 temerius
627 3700 700 3771 iu
733 3699 1014 3794 sabulis:
1051 3723 1234 3795 quae
1263 3702 1417 3793 quis
1447 3701 1625 3772 ausit.
1654 3698 2085 3770 contendere
2113 3718 2254 3766 non
2282 3697 2382 3768 sic
2411 3696 2669 3789 scripta

273 3801 536 3874 fuisse:
830 3810 834 3814 ’

1524 3905 1641 3977 sed
1678 3904 1851 3975 euim
1892 3897 2276 3998 Euripides,

704 4009 835 4094 Qui
872 4010 1105 4082 choros
1142 4009 1451 4081 leme'rius
1485 4009 1553 4080 iu
1592 4009 1733 4080 suis
1766 4007 2060 4102 fabulis?

285 4112 437 4183 Non
473 4116 695 4207 magis
730 4114 1192 4208 refragabitur
1228 4115 1455 4184 octavi
1494 4114 1651 4185 libri
1689 4114 2151 4205 fragmentum
2189 4119 2543 4182 servatum
2580 4112 2668 4181 ab

292 4216 514 4288 Nonio
554 4217 623 4286 in
661 4217 937 4303 balteus,
967 4217 1155 4310 quod
1184 4239 1326 4287 non
1356 4228 1585 4287 exstat
1615 4217 1688 4286 in
1715 4214 2137 4286 editionibus
2166 4214 2666 4298 vetustissimis,
2684 4253 2738 4304 p.
2759 4245 2787 4290 ἰ
2867 4309 2870 4312 q

290 4343 353 4412 p.
380 4319 552 4392 494.
580 4319 957 4392 auctoribus
983 4319 1348 4405 manuleos,
1372 4318 1610 4404 baltea,
1634 4318 2049 4401 machaeras,
2073 4318 2131 4386 si
2160 4317 2258 4387 sic
2289 4317 2663 4389 scribetur:
2857 4319 2866 4334 '

742 4501 756 4520 ,
1322 4423 1650 4494 actoribus
1682 4420 2050 4503 mauuleas,
2091 4419 2327 4506 bciltea,

701 4525 791 4598 Et
824 4525 1235 4600 machaeras.

285 4629 634 4702 Mauuleas
673 4631 1028 4702 Schellero
1083 4642 1370 4703 auctore
1418 4628 1869 4702 scribendum
1923 4628 2190 4698 monuit
2244 4624 2662 4716 Madvigius:
