3328 5326
643 372 719 433 74
1634 364 2031 429 PINDA‘RUS.

796 562 1020 653 ἔγχεος
1057 558 1409 647 ζακότοιο.
1453 559 1566 630 καὶ
1603 558 1832 629 ταῦτα
1866 557 1997 649 μὲν
2033 553 2491 649 παλαιότεροι

795 666 962 736 ὁδὸν
999 663 1344 755 ἀμάξιτον
1379 660 1612 757 εὖρον.
1657 665 1919 752 ἕπομαι
1953 660 2027 731 δὲ
2060 660 2177 730 καὶ
2213 657 2426 735 αὐτὸς
2462 657 2644 745 ἔχων
2668 653 2984 746 μελέταν·

644 772 737 841 55
795 768 877 839 τὸ
915 767 988 837 δὲ
1022 765 1166 860 πὰρ
1204 764 1368 835 ποδὶ
1406 764 1571 842 ναὸς
1609 760 2055 854 ἑλισσόμενον
2092 762 2229 831 αἰεὶ

795 864 1123 961 κυμάτων
1158 870 1420 957 λέγεται
1456 866 1670 937 παντὶ
1705 864 2011 957 μάλιστα
2049 867 2284 953 δονεῖν

798 970 1066 1065 θυμόν.
1112 967 1344 1042 ἑκόντι
1380 970 1440 1040 δ’
1482 969 1609 1059 ἐγω
1647 965 1846 1059 νώτῳ
1884 968 2216 1058 μεθέπων
2251 965 2546 1057 δίδυμον
2580 962 2818 1052 ἄχθος

799 1075 1075 1167 ἅγγελος
1111 1074 1277 1166 ἔβαν
1313 1074 1635 1165 πέμπτον
1672 1070 1787 1144 ἐπὶ
1823 1074 2039 1140 εἴκοσι
2063 1070 2291 1149 ,τοῦτο
2326 1063 2605 1163 γαρύων

796 1243 994 1336 εὖχος
1029 1242 1317 1335 ἀγώνων
1353 1244 1524 1332 ho,
1565 1242 1734 1321 τοὺς
1767 1243 2122 1314 ἐνέποισιν
2155 1236 2413 1336 ἱερούς,
2597 1320 2608 1329 q
2794 1241 2903 1307 ἐπ.
2926 1231 3009 1325 γ’.

647 1354 740 1422 60
792 1349 1164 1440 Ἀλκιμίδα
1198 1348 1240 1417 ὅ
1275 1348 1328 1441 τ’
1372 1343 1750 1441 ἐπάρκεσεν

797 1450 1024 1523 κλειτοὶ
1058 1446 1282 1540 γενεά.
1334 1447 1463 1520 δύο
1499 1449 1631 1540 μὲν
1664 1447 1989 1543 Κρονίου
2025 1446 2166 1541 πὰρ
2202 1447 2502 1536 τεμένει,

798 1561 956 1644 παῖ,
1002 1556 1054 1624 σ’
1096 1554 1192 1624 ὅτ’
1232 1549 1562 1646 ἐνόσφισε
1597 1551 1713 1621 καὶ
1752 1550 1854 1639 σε’,
1898 1547 2374 1639 Πολυτιμίδα,

646 1752 713 1821 οὶ
742 1751 1033 1820 Ἀττικοὶ
1061 1747 1243 1840 καὶὴ
1275 1749 1460 1839 κοινὴ
1499 1747 1882 1828 διάλεκτος,
1932 1751 2149 1815 eadem
2193 1752 2419 1833 pagina
2450 1770 2513 1812 v.
2546 1751 2617 1810 3⁴
2639 1796 2652 1810 .
2692 1768 2889 1812 unum
2936 1751 3026 1810 ait

645 1866 724 1908 ex
754 1843 1016 1907 Pindaro
1046 1841 1308 1923 proferri
1341 1841 1534 1903 dativi
1565 1840 1750 1902 soluti
1779 1839 2136 1919 exemplum
2166 1828 2422 1899 Πυθόϊ.

821 1932 923 2006 53)
962 1929 1154 2009 Vulgo
1184 1920 1451 1990 ταύταν.
1524 1924 1806 1989 Correxit
1832 1926 2142 1987 Pauwius.

817 2015 920 2097 57)
963 2015 1366 2077 Scholiastes:
1417 2014 1773 2097 μεταφορᾷ
1802 2006 2112 2095 κέχρηται
2141 2011 2224 2094 τῇ
2266 2007 2398 2069 τῶν
2442 1999 2842 2090 ὑποζυγίων.
2903 2025 3024 2090 ση-

640 2096 870 2184 μαίνει
912 2096 1034 2184 γὰρ
1080 2093 1185 2163 ὅτι
1225 2091 1545 2173 ἑκουσίως
1596 2094 1723 2181 ἐγώ
1767 2100 1966 2160 τοῦτο
2012 2091 2090 2158 τὸ
2134 2091 2335 2180 μέρος
2367 2085 2693 2173 ὑπέμεινα
2742 2084 3028 2170 δίδυμον

642 2183 963 2273 ὑπάρχον.
1024 2188 1225 2248 τοῦτο
1269 2179 1345 2248 δέ
1388 2205 1591 2272 φησιν
1632 2179 1677 2272 ἢ
1719 2179 1827 2247 ὅτι
1870 2178 1986 2246 σὺν
2026 2185 2123 2266 τῷ
2162 2176 2280 2245 τὸν
2319 2173 2696 2265 Αλκιμίδην
2734 2171 3038 2263 ὑμνῆσαι

646 2266 1332 2358 συμπαραλαμβάνειν
1370 2268 1599 2351 μέλλει
1641 2267 1758 2333 καὶ
1805 2263 2080 2333 ἔπαινον
2108 2270 2230 2330 τοῦ
2259 2258 2581 2330 ἄλείπτου
2612 2258 2951 2340 Μελσίου,
2987 2255 3036 2349 ἢ

596 2383 601 2388 ·
643 2357 721 2426 τὸ
753 2360 874 2422 τοῦ
904 2352 1287 2437 Αλκιμίδου
1317 2353 1435 2420 καὶ
1462 2353 1538 2418 τὸ
1569 2359 1703 2419 τῶν
1723 2348 2133 2439 Αἰγινητῶν·
2165 2349 2283 2417 καὶ
2308 2346 2432 2435 γὰρ
2461 2346 2752 2426 ἐκείνους
2778 2344 3041 2415 καὶ’ἐᾶψ’

645 2443 870 2530 τρίτον
929 2438 1090 2516 τούς
1131 2435 1484 2516 Αἰακίδας
1532 2437 1782 2526 ὕμνησε
1831 2437 1947 2503 καὶ
1991 2432 2192 2502 αὐτὸν
2235 2433 2351 2501 τὸν
2394 2431 2798 2523 Ἀλκιμίδην.
2892 2439 3033 2499 Non

648 2532 899 2595 videtur
950 2527 1371 2592 dubitandum
1438 2548 1574 2591 esse
1626 2531 1782 2610 quin
1835 2526 2177 2588 Alcimidae
2222 2535 2284 2587 et
2327 2527 2607 2589 Melesiae
2657 2524 2912 2589 laudem
2963 2525 3032 2586 in

649 2627 859 2681 mente
889 2615 1176 2678 habuerit
1205 2614 1529 2677 Pindarus,

823 2705 922 2779 60)
965 2704 1172 2775 Quum
1213 2704 1522 2781 legeretur
1554 2695 1937 2780 ,Ἀλκιμίδας
1975 2694 2052 2761 τό
2091 2689 2145 2782 γ’
2179 2692 2507 2780 ἐπάρκεσε
2535 2696 2765 2781 κλειτᾷ
2803 2699 3021 2783 γενεᾷ,

652 2789 1007 2854 Schmidius
1039 2796 1389 2849 correxerat
1418 2781 1766 2868 Ἀλκιμίδα
1795 2780 1839 2848 ’ὅ
1866 2777 1922 2870 γ’
1957 2780 2283 2867 ἐπάρκεσε
2311 2779 2540 2848 κλειτοὶ
2570 2779 2781 2867 γενεά.
2847 2787 2963 2847 Pro
2997 2777 3045 2848 ὅ

650 2898 722 2961 γε
752 2877 898 2958 poni
930 2874 1202 2937 debebat
1233 2866 1272 2934 δ’
1299 2894 1395 2936 τε.

826 2963 924 3043 62)
968 2962 1196 3041 Vulgo:
1247 2960 1410 3042 παῖ,
1466 2953 1541 3023 σέ
1582 2950 1636 3022 τ’
1685 2952 1999 3044 ἐνόσφισε
2036 2951 2345 3036 Τιμίδαν.
2427 2955 2572 3019 Ald.
2608 2954 2770 3031 παῖ,
2815 2943 2873 3017 σ’
2908 2947 3028 3018 ἐτ’.

650 3050 803 3113 Med.
844 3053 910 3110 B.
949 3047 1117 3121 παῖς
1148 3038 1235 3109 ἐτ’
1269 3040 1583 3133 ἐνόσφισε
1612 3039 1730 3107 καὶ
1758 3037 2207 3124 Πολυτιμίδα.
2294 3042 2444 3106 Cod.
2480 3044 2636 3122 Aug.
2674 3042 2832 3117 παῖ,
2869 3036 2947 3104 σέ
2975 3035 3040 3103 τ’

653 3130 967 3220 ἐνόσφισε
997 3129 1112 3196 καὶ
1147 3129 1634 3213 Πολυτιμίδαν.
1686 3134 1890 3205 Quum
1915 3132 2271 3194 scholiastes
2292 3148 2543 3209 quoque
2566 3131 3042 3209 hunopuerum

653 3221 1080 3303 Polytimidam
1123 3230 1328 3299 vocet,
1380 3238 1582 3300 nuper
1633 3220 1930 3299 scriptum
1976 3226 2069 3279 est
2106 3211 2222 3278 καὶ
2266 3206 2807 3294 Πουλυτιμίδανε
2858 3216 3038 3295 quod

654 3310 771 3370 etsi
816 3305 1069 3369 defendi
1116 3315 1335 3384 potest,
1355 3315 1581 3368 &tamen
1613 3305 1938 3382 Pindarus,
1989 3302 2193 3381 cred0‚
2232 3303 2626 3384 praetulisset
2652 3292 2772 3383 ἠδέ
2798 3299 3039 3363 Πολυ-ι

653 3386 947 3472 τιμίδαν.
1015 3391 1140 3453 Sed
1183 3395 1523 3469 vooativuS‚
1576 3411 1764 3472 quem
1813 3389 1948 3451 cod.
1977 3388 2134 3450 Med.
2166 3389 2439 3468 praebet,
2479 3387 2704 3450 indicio
2737 3396 2831 3449 est
2872 3390 3037 3449 scri-

657 3490 835 3561 ptum
878 3479 1072 3539 fuisse
1112 3471 1228 3538 καὶ
1270 3472 1374 3556 σέ,
1427 3468 1878 3553 Πολυτιμίδα.
1971 3476 2259 3538 Ceterum
2305 3477 2425 3536 iam
2472 3475 2745 3556 Heynius
2791 3477 3046 3537 monuit

657 3563 938 3628 absurda
975 3563 1137 3640 esse,
1191 3582 1350 3642 quae
1397 3563 1476 3625 de
1520 3564 1615 3623 his
1657 3563 1869 3682 pueris
1914 3561 2273 3623 scholiastes
2312 3568 2548 3622 narrat:
2602 3554 2670 3623 ἐν
2695 3551 3042 3647 Ὀλυμπίᾳ

657 3645 860 3738 φησὶν
883 3642 1232 3735 ἐνόσφισεν
1263 3639 1506 3722 αὐτοὺς
1534 3643 1649 3709 καὶ
1681 3642 1990 3731 ἐχώρισεν
2017 3638 2057 3731 ἡ
2086 3642 2578 3729 προεξάνθησις
2607 3646 2737 3708 τῶν
2755 3647 3041 3727 τριχῶν·

659 3729 1128 3820 ἀπεκρίθησαν
1179 3728 1303 3818 γὰρ
1348 3727 1439 3808 ὥς
1482 3725 1559 3796 οὐ
1601 3727 1925 3817 παιδικὴν
1969 3725 2225 3811 ἔχοντες
2265 3726 2532 3817 ἡλικίαν
2579 3725 2693 3794 διὰ
2737 3726 2813 3793 τὸ
2862 3752 3041 3814 προ-

659 3817 1033 3911 ηνθηκέναι,
1061 3813 1183 3894 τὰς
1220 3816 1469 3905 τρίχας.
1521 3815 1656 3902 πρὸ
1701 3813 1880 3903 ὥρας
1923 3819 2081 3901 γοῦν
2110 3813 2185 3881 τὸ
2219 3808 2433 3893 ἄνθος
2464 3809 2683 3880 αὐτῶν
2711 3820 2829 3902 τῆς
2868 3811 3040 3904 ἥβης

661 3908 827 3998 φησὶ
859 3898 1360 3991 συνεπληρώθη.
1416 3893 1611 3980 οὗτος
1639 3899 1763 3991 γὰρ
1792 3900 2025 3984 καιρὸς
2054 3893 2325 3979 ἷίνθους.
2392 3898 2428 3969 ὃ
2463 3900 2537 3967 δέ
2564 3899 3042 3983 Πολυτιμίδας

660 3990 911 4066 οἰκεῖος
938 3996 1061 4057 τοῦ
1081 3986 1486 4074 ᾍλκιμίδου.
1537 3986 1993 4077 κληρωθέντες
2023 3977 2209 4053 οὗτοι
2239 3986 2505 4054 παίδων
2536 3981 3040 4073 ἀγωνίσασθαι,

659 4074 905 4164 μεταξὺ
948 4075 1405 4163 γενειάσαντες
1445 4072 1978 4161 ἐξεκρούσθησαν
2020 4079 2142 4139 τοῦ
2186 4068 2459 4160 ἀγῶνος.
2539 4079 2643 4140 Sic
2685 4078 2840 4138 haec
2883 4079 3046 4139 scri-

660 4168 870 4231 benda
913 4176 1078 4229 sunt.
1156 4169 1278 4229 Res
1323 4169 1476 4228 haec
1518 4175 1634 4227 est.
1714 4161 1982 4249 Κλῆρος
2021 4158 2363 4249 προπετὴς
2405 4174 2500 4227 est
2541 4183 2704 4242 sorS,
2746 4182 2908 4243 quae
2939 4166 3043 4227 his

661 4256 874 4337 pueris
923 4256 1084 4315 iusto
1135 4255 1309 4333 prius
1361 4252 1697 4329 ceciderat,
1751 4260 1853 4329 ut,
1916 4271 2112 4331 quum
2154 4252 2453 4330 explorati
2498 4250 2579 4311 ab
2620 4250 3043 4313 Hellanodicis

666 4350 895 4418 essent,
948 4340 1444 4418 excluderentur,
1492 4338 1660 4418 quod
1707 4337 1987 4399 nondum
2031 4338 2259 4398 maturi
2290 4337 2369 4397 ad
2399 4336 2764 4399 certandum
2803 4339 3045 4416 reperti

662 4434 894 4491 essent.
947 4427 1049 4487 Sic
1073 4426 1322 4486 Pherias
1344 4424 1642 4505 Aegineta
1666 4424 1956 4504 repulsus
1980 4431 2090 4501 est,
2123 4423 2202 4485 de
2223 4441 2347 4502 quo
2369 4424 2698 4485 Pausanias
2716 4424 2815 4483 VI.
2839 4423 2862 4482 ⁴
2882 4424 2939 4499 4,
2968 4425 2992 4482 4
3017 4470 3033 4486 .

665 4510 906 4595 κομιδῇ
949 4532 1023 4574 τε
1067 4503 1290 4586 ἔδοξεν
1332 4499 1510 4573 εἶναι
1551 4503 1731 4585 νέος,
1782 4504 1897 4573 καὶ
1942 4501 2062 4571 οὐκ
2108 4501 2487 4593 ἐπιτήδειός
2530 4525 2641 4570 πω
2683 4504 3047 4587 νομισθεὶς

664 4594 986 4664 παλαίειν
1038 4587 1366 4681 ἀπηλάθη
1417 4597 1539 4658 τοῦ
1589 4590 1865 4679 ἀγῶνος.
1955 4596 2193 4658 Eadem
2245 4613 2466 4659 caussa
2516 4595 2632 4657 fuit
2670 4592 3051 4657 Artemidori
