3328 5326
1030 378 1498 444 CONIECTAN.
1536 382 1810 444 CRITIC.
2497 389 2565 450 3⁴
2584 389 2619 449 3

267 570 766 642 Insolentiorem
830 572 1128 643 formam
1188 574 1486 645 nominis
1538 575 1949 662 tuebuntur,
2003 596 2181 668 quae
2233 578 2619 653 Lobeckius

266 674 520 747 attulit
501 696 572 743 m
611 674 1128 768 Prolegomenis
1164 676 1605 771 pathologiae
1641 701 1710 772 p.
1748 677 1918 751 397.

448 777 552 847 De
605 777 1090 872 Aristophanis
1146 781 1466 853 versibus
1519 803 1612 852 ex
1667 781 1923 854 Cocalo
1974 793 2045 855 et
2095 784 2442 877 Gerytade
2493 807 2620 857 ex-

263 880 702 975 spectandum
751 882 883 952 erit
929 905 1017 954 an
1066 883 1335 971 codeX,
1388 907 1597 978 quem
1635 885 1962 959 Cohetius
2001 889 2322 974 contulit,
2362 889 2619 982 aliquid

258 984 476 1056 auxilii
539 985 891 1079 praebeat.
995 986 1197 1058 Certe
1248 1010 1429 1080 quae
1479 1010 1572 1059 ex
1625 989 1878 1061 Cocalo
1929 992 2160 1084 posuit
2205 992 2619 1087 MadvigiuS,

257 1110 383 1160 non
419 1089 522 1160 sic
558 1089 818 1183 scripta
856 1090 1070 1162 fuisse
1105 1100 1327 1162 metra
1364 1093 1762 1166 ostendunt.

449 1400 523 1472 In
570 1399 850 1471 scholiis
902 1400 992 1473 ad
1028 1401 1431 1496 Euripidem
1483 1425 1710 1497 nuper
1759 1425 1801 1475 a
1850 1403 1920 1474 C.
1965 1405 2043 1475 G.
2085 1404 2372 1478 Cobetio
2416 1406 2622 1480 editis

255 1502 334 1573 ad
362 1502 637 1576 initium
672 1504 1004 1576 Hecubae
1039 1514 1363 1597 quattuor
1398 1508 1764 1577 memorati
1801 1518 1963 1579 sunt
1997 1530 2241 1581 versus
2270 1510 2622 1595 Nicandri,

253 1628 538 1699 quorum
573 1607 748 1677 haec
786 1607 1062 1700 prodita
1096 1618 1207 1679 est
1241 1609 1610 1735 scriptura:

445 1709 587 1783 ἔνθ’
623 1706 880 1807 Ἑκάβη
918 1713 1258 1807 Κισσηῒς,
1304 1713 1398 1783 ὅτ’
1440 1717 1515 1784 ἑν
1550 1715 1723 1808 πυρὶ
1760 1715 2040 1809 δέρκετο
2073 1711 2356 1812 πάτρην

444 1813 562 1884 καὶ
599 1811 815 1885 πόσιν
852 1819 1224 1911 ἑλκηθεῑσα
1258 1816 1855 1945 παρασπαίροντα
1888 1823 2220 1914 θυηλαις,

444 1943 541 1993 εις
579 1916 748 1989 ἅλα
745 1919 1003 1988 ποσσιν
1044 1917 1298 2013 ὄρουσε
1331 1920 1449 1990 καὶ
1485 1920 1573 2017 ἢν
1607 1917 1954 2016 ἠλλαξατο
1987 1923 2281 2019 μορφὴν

451 2019 1144 2115 γρηιονυρνακίδεσιν
1190 2019 1343 2142 [sic]
1388 2018 1789 2115 εἐιδόμενον
1828 2021 2354 2097 σκυλακεσσιν.

446 2126 642 2209 Quae
690 2124 1009 2216 quamvis
1060 2125 1324 2198 mirum
1360 2127 1429 2195 in
1480 2126 1769 2199 modum
1826 2128 2099 2214 vitiata,
2162 2140 2393 2201 tamen
2457 2131 2624 2202 satis

247 2238 433 2299 certa
470 2227 871 2299 coniectura
907 2228 1009 2298 sic
1044 2227 1315 2301 videtur
1352 2230 1797 2324 corrigenda:

445 2330 586 2402 ἔνθ’
622 2326 880 2427 Ἐκαβη
919 2336 1261 2427 Κισσηῒς,
1306 2332 1401 2404 ὅτ’
1442 2338 1518 2403 ἐν
1552 2334 1726 2429 πυρὶ
1763 2336 2043 2429 δέρκετο
2077 2333 2358 2432 πάτρην

443 2433 560 2504 καὶ
595 2430 812 2505 πόσιν
850 2433 1154 2529 ἑρκείῃσι
1188 2436 1788 2532 παρασπαίροντα
1823 2443 2156 2535 θυηλαῖς,

444 2563 542 2614 εις
578 2536 715 2609 ἅλα
750 2537 1008 2609 ποσσιν
1050 2537 1305 2633 ὄρουσε
1339 2540 1458 2611 καὶ
1495 2537 1976 2637 ἁντηλλαξατο
2009 2541 2301 2639 μορφὴν

444 2637 580 2737 γρή
586 2649 698 2712 ϊον
731 2640 818 2713 Υ
807 2640 1250 2737 ρκανιδεσσιν
1286 2645 1687 2742 ἑειδομένην
1727 2643 2205 2719 σκυλάκεσσιν.

442 2746 513 2816 In
581 2743 828 2816 iisdem
894 2745 1174 2819 scholiis
1240 2747 1330 2817 ad
1380 2747 1676 2820 Oresten
1731 2775 1787 2819 v.
1837 2749 2010 2823 224.
2068 2752 2315 2825 comici
2379 2771 2626 2825 versus

249 2848 564 2921 videntur
626 2848 793 2918 mihi
846 2851 1275 2943 probabilius
1330 2873 1538 2944 quam
1593 2873 1635 2923 a
1691 2853 1999 2925 Porsono
2056 2856 2315 2926 factum
2368 2864 2475 2925 est
2525 2855 2624 2925 sic

245 2953 507 3025 restitui
542 2973 784 3045 posse:

447 3057 485 3125 ὁ
520 3056 803 3150 πρῶτος
837 3054 1080 3144 εἰπών,
1122 3055 1473 3152 μεταβολὴ
1513 3053 1803 3129 πάντων
1836 3055 2076 3147 γλυκύ,

444 3161 570 3248 οὐχ
606 3158 904 3249 ὑγίαινε,
949 3160 1251 3229 δέσποτ’·
1296 3162 1368 3229 ἐκ
1402 3158 1534 3250 μὲν
1568 3161 1702 3255 γὰρ
1740 3158 1966 3233 κόπου

438 3264 688 3353 γλυκεῖ’
734 3257 1159 3345 ἀνάπαυσις,
1203 3266 1272 3343 ἐξ
1310 3261 1641 3341 ἀλουσίας
1678 3265 1738 3334 δ’
1781 3263 1999 3359 ὕδωρ,

438 3366 555 3436 καὶ
591 3364 809 3437 τᾶλλα
841 3360 937 3436 τοί
970 3392 1045 3455 γε
1078 3365 1411 3436 τοιαῦτα·
1455 3364 1543 3435 τὸ
1580 3368 1660 3439 δέ
1693 3370 1746 3439 σ’
1787 3371 1859 3437 ἐκ
1895 3367 2236 3439 πλουσίου

440 3467 724 3558 πτωχὸν
758 3470 1089 3558 γενέσθαι
1122 3468 1475 3565 μεταβολὴ
1515 3471 1677 3561 μέν,
1717 3466 1852 3566 ἡδύ
1890 3472 1950 3540 δ’
1997 3472 2109 3544 οὔ.

415 3572 602 3643 ὥστ’
648 3574 805 3661 οὐχὶ
840 3569 1131 3643 πάντων
1168 3573 1320 3643 ἐστὶ
1354 3572 1708 3670 μεταβολὴ
1744 3571 1983 3663 γλυκύ.

442 3677 513 3746 In
553 3675 805 3747 iisdem
845 3675 935 3745 ad
972 3698 1039 3746 v.
1077 3674 1246 3748 459.
1281 3676 1351 3745 in
1388 3677 1620 3771 priore
1647 3699 1854 3750 versu
1884 3678 2272 3771 fragmenti,
2311 3678 2502 3771 quod
2539 3701 2624 3750 ex

245 3776 772 3874 Bellerophonte
843 3777 1071 3873 [Dind.
1119 3781 1201 3849 fr.
1258 3779 1433 3874 307]
1506 3780 1729 3852 altero
1793 3797 1995 3854 versu
2059 3791 2340 3854 auctum
2401 3781 2625 3853 edidit

248 3877 588 3970 CohetiuS,
626 3881 769 3954 ὑπὸ
806 3883 877 3953 in
914 3882 1053 3953 fine
1096 3883 1396 3968 adiectO,

441 4015 557 4058 και
595 3984 840 4070 ξεστὸν
879 3986 1105 4075 ὄχθον
1143 3988 1527 4059 Δαναΐδων
1564 3985 2030 4082 ἑδρασματων
2114 3995 2121 4003 “

444 4090 613 4169 στὰς
648 4095 723 4160 ἑν
756 4091 1085 4181 μέσοισιν
1122 4085 1267 4160 εἷπε
1302 4086 1626 4186 κηρύκων
1662 4090 1831 4181 ὕπο,

250 4191 414 4262 mire
472 4194 643 4265 dixit
695 4193 1027 4264 Matthiae
1049 4245 1067 4276 ‚
1134 4194 1271 4286 legi
1322 4215 1435 4262 me
1491 4194 1671 4264 velle
1723 4196 2108 4265 Δαναΐδων
2169 4191 2621 4291 ἑδράσματαε

253 4313 449 4366 nemo
484 4298 668 4367 enim
706 4296 778 4368 id
816 4317 957 4367 non
994 4297 1176 4367 velle
1215 4296 1551 4382 debehat,
1592 4295 1712 4389 qui
1752 4299 2049 4391 tragicos
2084 4299 2387 4392 legisset.
2485 4298 2624 4369 Sed

250 4396 307 4465 si
358 4411 538 4472 recte
593 4401 928 4494 scriptum
981 4409 1089 4469 est
1134 4398 1293 4488 καί,
1346 4409 1466 4471 aut
1511 4398 1701 4471 aliud
1739 4400 1918 4472 illius
1955 4402 2089 4473 loci
2125 4424 2382 4474 nomen
2418 4422 2623 4497 prae-

248 4504 529 4574 cesserit
562 4525 858 4576 necesse
897 4512 1026 4588 est,
1070 4512 1192 4575 aut
1226 4503 1556 4576 omissum
1596 4525 1754 4575 esse
1789 4525 2088 4593 versum,
2127 4507 2243 4600 qui
2281 4507 2460 4577 inter
2493 4505 2620 4574 hos

243 4599 388 4672 duo
417 4607 683 4679 medius
720 4618 928 4678 esset.
