3328 5326
699 374 820 439 426
1446 369 1551 433 nn
1587 326 1937 431 MAnvlou
1969 367 2319 433 ιΝΤΕΒΡΒ.

695 573 983 635 ventum
1018 573 1127 633 est
1161 560 1503 632 eiusmodi
1541 569 2056 653 argumentum,
2094 580 2233 652 quo
2266 558 2429 652 faxo
2467 567 2586 628 aut
2623 556 2876 628 levasso
2914 579 3074 649 um-¹

697 688 906 760 quam
943 662 1172 737 futura
1207 664 1543 757 simplicia
1594 663 1807 737 fuisse
1844 663 2303 734 evinceretur.
2389 661 2752 753 Reliquum
2800 671 2945 744 est,
2997 670 3066 730 ut

697 792 898 842 usum
932 769 1179 840 harum
1215 769 1588 838 formarum
1628 765 2191 850 consideremus,
2241 766 2332 836 de
2367 787 2510 858 quo
2549 765 2758 835 docte
2796 784 2968 835 sane
3002 774 3065 833 et

543 898 677 959 με
699 882 1024 947 accurate
1065 871 1392 944 disseruit
1427 870 1849 964 Madvigius,
1898 869 2026 941 sed
2075 869 2170 939 ita
2205 879 2475 953 tamen,
2526 877 2602 938 ut
2638 868 2751 938 hic
2787 888 3063 959 quoque

698 999 825 1070 pro
863 985 1055 1046 certa
1091 985 1160 1046 et
1196 974 1672 1045 demonstrata
1706 983 2000 1067 poneret
2034 972 2431 1066 opinionem
2470 994 2689 1042 suam.
2776 971 2847 1040 Si
2904 991 3068 1041 vera

700 1090 883 1164 sunt,
918 1099 1097 1170 quae
1134 1100 1341 1175 supra
1379 1078 1562 1162 dixi,
1617 1099 1884 1169 neque,
1941 1077 1997 1146 si
2056 1079 2319 1147 formae
2357 1075 2529 1146 istae
2567 1076 2704 1144 sint
2739 1075 3066 1168 simplicis

697 1182 930 1267 futuri,
970 1181 1250 1274 intelligi
1287 1202 1497 1274 posse
1533 1181 1723 1252 unde
1765 1181 1844 1251 iis
1882 1181 2237 1273 praeteriti
2273 1180 2465 1250 notio
2502 1179 2589 1250 sit
2640 1179 2871 1262 illata,
2916 1199 3067 1263 nec,

698 1288 758 1357 si
794 1286 930 1356 sint
965 1286 1173 1359 futuri
1210 1285 1462 1370 exacti,
1503 1283 1651 1354 fieri
1691 1283 2025 1377 potuisse,
2065 1294 2144 1354 ut
2177 1293 2296 1355 aut
2329 1283 2539 1353 futuri
2574 1290 2693 1352 aut
2719 1283 3069 1375 praeteriti

697 1389 1053 1460 notionem
1088 1389 1556 1481 deponerent:
1597 1410 1723 1481 per
1759 1409 1836 1458 se
1874 1388 2154 1480 planum
2189 1396 2297 1458 est
2332 1407 2473 1456 non
2507 1407 2715 1483 posse
2744 1385 3066 1477 Madvigii

699 1493 1114 1564 sententiam
1163 1514 1403 1562 veram
1454 1512 1632 1571 esse.
1715 1491 1859 1561 Sed
1914 1490 2082 1562 dicit
2131 1514 2197 1583 p.
2235 1490 2352 1561 75.
2395 1490 2463 1558 in
2506 1511 2642 1560 uno
2679 1489 2815 1558 hoc
2853 1490 3067 1560 verbo

694 1596 859 1691 famo
913 1595 1330 1667 remansisse
1380 1594 1567 1669 illam
1617 1595 1829 1666 futuri
1876 1594 2208 1687 simplicis
2257 1591 2835 1685 significationem
2857 1647 2875 1678 ,
2945 1614 3063 1662 nec

698 1708 976 1793 praeter
1008 1699 1143 1770 hoc
1179 1699 1313 1771 nisi
1346 1697 1414 1767 in
1450 1694 1781 1770 indicasse
1823 1719 1961 1769 uno
1997 1698 2067 1767 in
2104 1697 2320 1768 Plauti
2358 1698 2519 1767 loco
2553 1697 2864 1767 inveniri.
2951 1696 3068 1766 Per

698 1804 1017 1897 profecto
1053 1802 1303 1873 mirum
1341 1804 1542 1886 foret,
1581 1802 1641 1871 si
1675 1801 1770 1871 ita
1806 1811 2012 1872 esset.
2100 1800 2240 1873 Sed
2286 1801 2650 1873 videamus
2686 1800 2861 1871 illud
2897 1798 3070 1870 indi-

701 1930 883 1981 casse
921 1906 1142 1979 Plauti
1177 1907 1247 1975 in
1283 1905 1589 1976 Poenulo
1626 1906 1701 1974 II.
1738 1906 1809 1990 2,
1843 1908 1961 1975 66.

802 2032 1164 2104 numquam
1198 2007 1432 2103 edepol
1465 2006 1767 2079 mortalis
1804 2007 2152 2103 quisquam
2180 2007 2294 2100 fiet
2327 2029 2362 2076 e
2398 2029 2502 2076 me
2540 2005 2799 2091 certior,

802 2112 934 2184 nisi
959 2111 1118 2183 hero
1142 2135 1287 2183 meo
1315 2111 1435 2182 uni
1465 2111 1824 2197 indicasse,
1866 2120 2058 2206 atque
2084 2109 2146 2180 ei
2175 2130 2426 2204 quoque
2461 2117 2537 2179 ut
2567 2133 2649 2179 ne
2684 2107 2978 2180 enuntiet

807 2240 944 2287 esse
981 2215 1057 2286 id
1088 2215 1352 2310 facinus
1389 2238 1472 2285 ea*
1508 2214 1614 2285 ted
1650 2223 1886 2285 ortum.

698 2320 915 2393 Recte
959 2341 1130 2390 sane
1178 2319 1315 2390 hoc
1350 2321 1855 2411 'interpretatur
1901 2325 2152 2389 tantum
2198 2315 2355 2386 hero
2393 2339 2536 2386 meo
2571 2314 2904 2386 indicabo.
2987 2317 3072 2386 At

697 2445 866 2494 num
904 2423 1042 2494 dici
1076 2445 1222 2493 non
1256 2423 1480 2516 potuit
1515 2429 1768 2492 tantum
1803 2419 1961 2492 hero
1999 2444 2141 2492 meo
2177 2419 2611 2495 indicavero?
2647 2419 2877 2495 ,Porro
2912 2418 3069 2513 famo

699 2527 793 2595 ait
842 2526 1029 2620 apud
1082 2537 1352 2596 veteres
1403 2526 1553 2595 illos
1603 2546 1880 2617 semper
1931 2524 2130 2594 alteri
2180 2526 2412 2595 futuro
2463 2523 2833 2595 indicativo
2881 2523 3074 2593 verbi

700 2631 926 2722 ipsum
978 2629 1303 2699 effectum
1353 2627 1721 2700 indicantis
1769 2649 1863 2697 ex
1913 2648 2140 2720 aequo
2193 2627 2505 2718 adiungi,
2560 2635 2636 2698 ut
2682 2625 2848 2721 samo
2884 2626 3068 2698 scies,

698 2732 896 2824 Nego
931 2732 1096 2804 illud
1137 2753 1280 2816 „ex
1315 2738 1615 2822 aequ0,“
1654 2732 1787 2802 nisi
1821 2732 1948 2815 ita,
1997 2740 2073 2802 ut
2120 2730 2509 2801 communis
2544 2731 2819 2822 utrique
2857 2732 3074 2802 verbo

700 2836 788 2906 sit
824 2837 1037 2912 futuri¹
1071 2834 1503 2928 significatio,
1542 2856 1684 2905 non
1721 2844 1796 2908 ut
1832 2834 2039 2905 etiam
2075 2834 2407 2927 simplicis
2447 2835 2672 2905 futuri.
2742 2834 3074 2905 Nimirum

698 2940 761 3012 si
794 2961 1191 3011 asseverare
1227 2940 1546 3012 volumus
1584 2938 1690 3023 id,
1743 2938 1934 3030 quod
1984 2948 2394 3009 eventurum
2441 2959 2600 3008 esse
2636 2939 2933 3030 simplici
2972 2941 3073 3008 fu-

696 3053 852 3124 turo
903 3043 1336 3127 enuntiatur,
1408 3042 1730 3114 addimus
1778 3041 1966 3136 fame,
2025 3042 2096 3110 in
2151 3063 2291 3134 quo
2341 3050 2626 3135 propter
2675 3041 3076 3112 adiunctam

697 3146 1271 3239 significationem
1322 3146 1422 3215 rei
1457 3146 1656 3238 quasi
1709 3146 1847 3215 iam
1885 3145 2209 3229 effectae,
2262 3145 2481 3216 maior
2532 3144 2621 3215 ad
2668 3166 3076 3217 asseveran-

698 3250 872 3322 dum·
899 3253 999 3321 vis
1035 3252 1218 3321 inest
1252 3271 1461 3342 quam
1498 3251 1566 3319 in
1600 3247 1872 3343 faciam.
1973 3249 2178 3333 Quod
2224 3251 2284 3319 si
2320 3269 2463 3318 non
2499 3248 2667 3319 illud
2703 3250 2898 3341 quod
2935 3248 3072 3333 fiet,

697 3352 827 3423 sed
863 3353 932 3422 id
971 3353 1161 3444 quod
1199 3355 1455 3425 factum
1490 3353 1622 3422 erit
1654 3371 2173 3436 asseveramus,
2222 3363 2369 3422 tum
2418 3373 2582 3421 vero
2620 3352 2714 3421 illi
2749 3350 2916 3445 famo
2953 3374 3073 3422 ne-

699 3456 1005 3525 cessario
1043 3456 1482 3527 consociatur
1512 3458 1833 3534 ⁸futurum
1882 3466 2243 3538 exactum,
2298 3465 2373 3524 ut
2420 3456 2489 3524 in
2540 3456 2674 3528 hoc
2715 3456 2933 3534 Plauti
2987 3455 3073 3526 de

700 3559 1206 3632 commutandis
1245 3559 1577 3632 uxoribus
1611 3560 1681 3628 in
1720 3560 1898 3629 Trin.
1934 3561 1980 3628 I.
2018 3561 2089 3644 2,
2122 3560 2242 3632 24.

905 3654 911 3659 ’
979 3661 1108 3731 vin'
1147 3670 1636 3745 commutemus,
1679 3670 1860 3732 tuam
1897 3685 2013 3755 eya
2051 3662 2292 3732 ducam
2325 3670 2387 3730 et
2423 3669 2493 3732 tu
2527 3665 2796 3734 meam?

979 3764 1145 3859 sacro
1183 3763 1366 3834 haud
1402 3764 1734 3834 tantillum
1771 3765 2032 3838 dederis
2068 3764 2414 3836 verborum
2449 3764 2635 3836 mihi.

700 3866 1042 3954 Ceterum,
1082 3869 1272 3960 quod
1307 3872 1377 3940 in
1416 3869 1709 3940 transitu
1748 3889 2220 3940 commemoro
2238 3921 2258 3951 ,a
2307 3889 2552 3938 verum
2605 3869 2893 3961 quidem
2946 3880 3070 3953 est,

696 3980 839 4042 tam
884 3993 1094 4065 saepe
1137 3971 1300 4066 facco
1353 3994 1512 4043 oum
1548 3973 1767 4043 altero
1811 3974 2043 4043 futuro
2099 3973 2524 4056 consociari,
2579 3983 2654 4046 ut
2704 3985 3072 4066 suspectus

697 4073 786 4143 sit
819 4076 936 4164 qui
972 4076 1041 4144 in
1078 4076 1293 4150 multo
1340 4075 1787 4169 paucioribus
1825 4077 2165 4169 exemplis
2213 4076 2561 4147 invenitur
2597 4076 3070 4150 coniunctivus

693 4179 1115 4268 praesentis,
1171 4179 1367 4271 isque
1420 4179 1575 4252 talis
1630 4190 1710 4250 ut
1759 4180 1960 4252 unius
2005 4180 2272 4250 litterae
2309 4180 2691 4251 mutatione
2731 4178 3072 4251 removeri

693 4279 935 4373 possit,
972 4290 1249 4373 praeter
1284 4283 1461 4354 duos
1498 4283 1717 4368 Ιοοοε,
1754 4283 1826 4353 in
1861 4283 2112 4374 quibus
2140 4282 2226 4352 sit
2252 4304 2345 4356 ex
2372 4283 2700 4376 Madvigii
2729 4283 3070 4355 sententia

695 4383 773 4458 in
801 4381 933 4454 erit
964 4386 1215 4456 mutari
1249 4395 1588 4478 oporteat,
1675 4383 1893 4457 Valde
1943 4386 2118 4456 haec
2155 4387 2342 4458 veris
2380 4386 2859 4473 similia.sunt;
2902 4406 3067 4459 vera

676 4509 849 4559 ,esse
884 4507 1029 4556 non
1076 4487 1294 4557 ausim
1341 4488 1596 4560 dicere.
1703 4490 1877 4562 Nam
1931 4512 2141 4582 quum
2194 4489 2659 4576 recentioreS,
2714 4491 2902 4584 iique
2952 4490 3068 4558 vix

692 4592 841 4664 sine
880 4590 1220 4682 exemplis
1258 4592 1723 4684 antiquiorum
1767 4592 1930 4687 faxo
1978 4614 2137 4666 cum
2182 4595 2633 4692 coniunctivo
2685 4592 3063 4687 praesentis
