3328 5326
730 354 767 413 2
781 359 798 416 l
813 353 853 410 8
1708 348 2132 410 EURIPIDES.

733 544 900 614 Sic
883 567 953 612 in
991 543 1192 613 Herc.
1236 545 1363 613 fur.
1406 540 1844 634 1306.ἄνδρ’
1893 537 2226 616 Ἑλλάδος
2277 539 2405 610 τὸν
2452 540 2737 634 πρῶτον
2786 541 3078 609 αὐτοῖσιν

729 645 1034 742 βάθροις
1071 645 1218 716 ἄνω
1253 642 1441 714 κάτω
1473 645 1861 738 στρέψασα

939 749 1266 819 Ultimum
1317 747 1720 840 tragoediae
1765 767 2050 817 carmen
2100 769 2241 839 quo
2294 746 2507 817 modo
2544 745 3080 817 constituendum

731 855 820 924 sit
855 852 1050 923 dixi
1034 875 1104 922 m
1138 852 1461 945 Epitome
1507 850 1729 922 doctr.
1773 860 1968 920 metr.
2015 850 2072 942 §.
2125 853 2294 921 689.
2340 850 2468 921 sed
2506 873 2572 920 V.
2612 851 2833 923 4320.
2869 851 3083 921 delen-

732 957 897 1027 dum
933 949 1033 1046 γε’.

727 1554 844 1636 DE
920 1550 1861 1636 INTERPOLATIONIBUS
1940 1548 2496 1634 EURIPIDEAE
2572 1551 3089 1638 IPHIGENIAE

916 1672 1018 1755 IN
1072 1671 1410 1754 AULIDE
1462 1669 2208 1755 DISSERTATIONIS
2262 1671 2498 1754 PARS
2551 1671 2920 1774 PRIOR.²'“)

605 1916 705 1977 με
936 1885 1425 1978 Interpolatam
1464 1904 1622 1954 esse
1652 1884 2000 1976 Euripidis
2046 1884 2472 1977 Iphigeniam
2510 1886 2578 1953 in
2606 1886 2859 1957 Aulide
2899 1884 3086 1956 hodie

730 1989 898 2059 satis
955 1989 1134 2059 int-er
1186 1989 1434 2059 doctos
1470 1996 1764 2058 constat.
1823 1988 2053 2079 Atque
2091 1988 2182 2058 de
2219 1989 2459 2058 ultima
2495 2008 2743 2074 scena,
2782 2011 2986 2082 quam
3019 1989 3083 2057 R.

729 2093 1080 2163 Porsonus
1111 2092 1489 2175 damnavit,
1529 2091 1762 2183 deque
1792 2091 2036 2184 parodi
2064 2103 2263 2184 parte
2292 2092 2702 2184 posteriore,
2734 2115 2940 2185 quam
2966 2112 3088 2162 non

729 2219 887 2268 esse
925 2197 1015 2267 ab
1055 2195 1389 2289 Euripide
1426 2195 1762 2288 scriptam
1799 2216 1934 2287 ego
1971 2196 2386 2280 monstravi,
2427 2215 2670 2267 omnes
2715 2197 2960 2269 harum
2993 2216 3088 2265 re-

728 2323 882 2370 rum
938 2301 1136 2393 periti
1185 2301 1664 2370 consentiunt:
1726 2298 1818 2369 de
1870 2299 2124 2368 ceteris
2177 2309 2411 2370 autem
2458 2300 3087 2393 interpolationibus

729 2405 876 2473 fere
915 2404 1025 2473 alii
1066 2404 1264 2472 aliter
1300 2412 1630 2474 statuunt.
1690 2402 1840 2493 Ego
1880 2403 2054 2495 ipse,
2093 2425 2306 2494 quum
2345 2413 2506 2473 ante
2542 2402 2672 2474 hos
2710 2403 3087 2497 septemde-

728 2507 862 2577 cim
916 2528 1135 2576 annos
1187 2506 1371 2575 illam
1410 2505 1842 2598 tragoediam
1888 2504 2211 2590 ederem,
2265 2528 2406 2576 non
2459 2529 2688 2599 pauca
2738 2507 3089 2602 patientius

728 2610 856 2681 tuli
893 2631 1103 2701 quam
1139 2609 1507 2680 debebam.
1592 2609 1683 2679 Et
1735 2630 1906 2680 sane
1945 2609 2254 2703 proclive
2291 2619 2399 2681 est
2435 2632 2670 2682 errare
2710 2611 2949 2682 in·hoc
2982 2631 3092 2703 ge-

726 2735 918 2797 nere,
958 2736 1170 2806 quum
1211 2734 1441 2806 neque
1472 2713 1839 2806 Euripides
1880 2714 2238 2784 brevitatis
2265 2715 2465 2786 valde
2497 2716 2848 2787 studiosus
2881 2714 3085 2796 fuerit,

726 2836 955 2909 neque
992 2818 1446 2910 interpolator
1483 2839 1560 2888 se
1598 2817 1697 2887 ita
1735 2827 1852 2889 aut
1880 2818 2157 2911 linguae
2185 2828 2304 2889 aut
2332 2820 2535 2889 metri
2562 2820 2876 2912 ignarum
2902 2839 3087 2913 prae-

727 2920 992 3006 buerit,
1050 2931 1123 2992 ut
1179 2922 1436 3013 ubique
1489 2920 1962 2992 additamenta
2020 2922 2207 3007 eiuS,
2264 2945 2561 3015 quorum
2610 2924 2680 2992 in
2732 2925 2957 2995 multis
2992 2922 3092 2991 ille

726 3024 952 3116 ipsum
1003 3025 1304 3096 imitatus
1355 3025 1761 3119 Euripidem
1798 3035 1941 3110 est,
1985 3026 2185 3096 facile
2223 3027 2490 3119 possint
2527 3047 2567 3096 a
2602 3029 2916 3119 genuinis
2965 3026 3091 3096 dis-

726 3129 965 3221 tingui.
1045 3129 1248 3213 Quod
1279 3129 1337 3199 si
1367 3128 1457 3198 ad
1487 3130 1730 3222 poesin
1759 3151 2040 3222 quoque
2069 3130 2295 3221 aliqua
2325 3129 2598 3200 indoles
2629 3130 2700 3200 in
2722 3153 2809 3202 eo
2841 3131 3084 3211 fuisset,

726 3231 1073 3304 difficilius
1106 3232 1317 3302 etiam
1347 3243 1914 3325 cognosceretur.
1956 3233 2128 3303 Illud
2158 3243 2349 3303 recte
2380 3234 2514 3304 iam
2544 3234 2704 3303 olim
2725 3234 3088 3307 coniecisse

724 3335 1005 3420 videor,
1061 3358 1242 3427 quae
1296 3337 1596 3429 genuina
1659 3337 2001 3406 habemus
2069 3336 2272 3408 huius
2343 3337 2780 3429 tragoediae,
2846 3345 3089 3408 servata

723 3438 937 3508 fuisse
990 3460 1130 3510 uno
1186 3440 1299 3509 illo
1355 3440 1426 3508 in
1478 3440 1749 3523 codice,
1794 3461 2005 3531 quem
2043 3440 2451 3531 possidebat
2485 3442 2935 3535 interpolator
2969 3439 3088 3508 fine

724 3552 1152 3613 truncatum:
1209 3542 1336 3612 sed
1377 3542 1641 3613 addere
1680 3542 2064 3626 debebam,
2110 3543 2432 3615 codicem
2477 3545 2669 3615 illum
2710 3568 2846 3617 non
2884 3545 3086 3615 solum

725 3647 963 3717 ultimo
1003 3646 1168 3717 solio
1206 3645 1632 3730 destitutum,
1673 3668 1920 3717 verum
1948 3646 2156 3715 etiam
2186 3648 2334 3717 aliis
2363 3648 2433 3717 in
2462 3650 2774 3741 partibus
2802 3650 3084 3718 lacerum

724 3761 794 3820 et
821 3750 957 3821 situ
988 3760 1388 3841 corruptum
1420 3749 1651 3820 fuisse.
1741 3749 1844 3819 Eo
1886 3749 1956 3818 in
1989 3750 2160 3820 libro
2189 3751 2399 3821 homo
2430 3752 2545 3821 ille
2575 3753 2901 3846 explebat
2926 3768 3089 3843 quae

727 3876 1012 3924 mucore
1063 3874 1275 3924 exesa
1322 3863 1548 3936 erant,
1607 3874 1930 3944 quaeque
1968 3853 2222 3925 deesse
2258 3856 2370 3925 vel
2410 3854 2688 3926 videbat
2727 3858 2828 3926 vel
2864 3854 3088 3948 opina·-

727 3956 957 4041 batur‚
1002 3959 1069 4026 in
1098 3957 1525 4050 marginibus
1555 3956 2002 4027 adscribebat
2028 3958 2290 4029 inserto
2320 3959 2531 4028 etiam
2559 3960 2810 4031 alicubi
2841 3961 3087 4048 integro

727 4059 914 4150 quod
951 4062 1254 4153 perierat
1292 4061 1492 4130 folio:
1534 4082 1673 4152 quo
1704 4061 1770 4129 in
1802 4062 2083 4154 negotio
2122 4062 2256 4132 sibi
2284 4064 2571 4155 placens
2601 4074 2815 4134 totam
2843 4060 3087 4156 paulla-

727 4162 848 4231 tim
898 4164 1202 4233 fabulam
1254 4185 1379 4257 pro
1433 4184 1560 4234 suo
1612 4163 1868 4234 iudicio
1908 4177 2255 4258 captuque
2292 4168 2688 4259 perpolivit.
2774 4165 3084 4237 Absoluto

726 4285 938 4357 opere
979 4267 1225 4336 iterum
1262 4267 1582 4339 codicem
1617 4267 1841 4352 illum,
1881 4278 1999 4340 aut
2035 4269 2463 4362 descriptum
2500 4291 2594 4339 ex
2631 4293 2716 4342 eo
2754 4267 3086 4361 exemplar

725 4368 1151 4460 aliquamdiu
1188 4372 1590 4462 neglectum
1626 4372 1923 4442 iacuisse
1962 4374 2257 4444 lacunae
2297 4373 2645 4465 quaedam
2698 4372 2994 4468 produnt
3023 4376 3085 4437 et

892 4587 945 4672 Ἴ
986 4587 1168 4651 Edita
1202 4599 1295 4648 est
1325 4609 1379 4650 a.
1419 4590 1603 4652 4847.
