3328 5326
694 373 812 433 446
1347 396 1351 400 ·
1630 367 2112 430 AESCHYLUS.

697 565 903 658 igitur
950 564 1130 633 hanc
1176 560 1705 655 repugnantiam
1741 559 1977 631 studet
2016 559 2540 630 Schoemannus
2577 558 2703 640 ita,
2746 567 2820 629 ut
2855 556 3069 626 videri

697 666 981 761 quidem
1019 687 1272 759 pravos
1310 687 1468 736 esse
1506 664 1679 734 lovis
1715 685 1970 746 moreS,
2009 663 2138 734 sed
2175 684 2316 734 non
2352 684 2511 734 esse
2548 661 2836 731 doceat:
2886 670 2956 730 at
2988 682 3073 730 ne

701 771 923 842 videri
957 769 1241 863 quidem
1278 789 1525 862 pravos
1563 767 1867 839 voluisse
1907 766 2304 838 censendus
2341 775 2453 836 est
2476 765 2899 857 Aeschylus:
2943 786 3072 835 non

699 876 1020 947 tulissent
1077 874 1260 943 enim
1322 894 1549 966 aequo
1612 871 1843 942 animo
1902 880 2370 964 spectatoreS,
2423 869 2821 939 nescientes
2873 867 2944 936 in
2998 889 3073 937 ea

701 979 985 1049 demum
1035 998 1216 1070 quae
1269 987 1593 1048 secutura
1641 984 1832 1045 esset
1876 974 2237 1067 tragoedia
2272 974 2508 1044 Iovem
2544 972 2763 1065 qualis
2804 992 2878 1041 re
2914 992 3076 1042 vera

701 1092 890 1153 esset
927 1082 1417 1175 appariturum.
1486 1079 1597 1149 Ex
1647 1100 1788 1170 quo
1838 1088 2155 1173 apertum
2202 1088 2311 1148 est
2348 1077 2910 1147 Schoemannum
2956 1074 3080 1144 ho-

701 1185 980 1256 diernas
1017 1195 1137 1257 aut
1173 1184 1595 1253 Christianas
1632 1182 1724 1254 de
1760 1182 2071 1252 bonitate
2126 1192 2197 1252 et
2249 1181 2588 1275 pravitate
2627 1201 2901 1250 morum
2937 1180 3082 1271 opi-

702 1289 946 1359 niones
981 1287 1331 1380 Aeschylo
1368 1286 1842 1380 supposuisse.
1920 1285 2104 1370 Quid
2141 1307 2313 1356 vero
2364 1306 2525 1356 enm
2574 1283 2869 1355 adduxit
2906 1292 2981 1354 ut
3015 1281 3081 1351 id

703 1394 1017 1463 faceret?
1091 1391 1477 1474 potissime,
1517 1400 1593 1461 ut
1630 1390 1930 1474 videtur,
1970 1410 2228 1460 nomen
2265 1388 2469 1472 loviS,
2510 1388 2708 1458 cuius
2745 1408 2891 1455 non
2946 1386 3083 1457 dis-

702 1496 906 1566 tinxit
972 1494 1326 1588 duplicem
1385 1516 1609 1566 usum.
1725 1492 2080 1585 Significat
2135 1493 2321 1562 enim
2369 1512 2625 1561 nomen
2680 1490 2847 1561 illud
2904 1510 3081 1560 nunc

704 1622 917 1671 unum
954 1621 1043 1669 ex
1083 1599 1239 1683 diis,
1277 1598 1394 1690 qui
1430 1619 1799 1690 supremus
1852 1596 2169 1680 habetur,
2210 1617 2393 1667 nunc
2446 1595 2730 1665 omnino
2781 1593 3081 1664 divinam

702 1714 1039 1788 naturam,
1080 1713 1155 1772 ut
1190 1703 1257 1771 in
1288 1700 1831 1795 Agamemnonis
1860 1711 1931 1770 et
1960 1700 2361 1793 Supplicum
2385 1699 2723 1782 versibuS,
2755 1719 2796 1767 a
2831 1696 3083 1789 quibus

702 1831 767 1901 p.
797 1809 878 1877 2⁴
902 1863 917 1877 .
950 1808 1306 1900 profectus
1336 1804 1613 1876 videtur
1642 1804 2189 1874 Schoemannus.
2250 1804 2405 1895 Ipsa
2443 1802 2514 1872 id
2550 1802 2768 1872 verba
2801 1800 3080 1884 docent,

705 1910 884 1988 Ζεὺς
921 1910 1108 1987 ὅςτις
1144 1906 1295 1979 πότ’
1335 1907 1554 1979 ἐστίν.
1645 1908 1779 1977 lllis
1818 1908 1886 1976 in
1922 1907 2242 1977 versibus
2279 1905 2692 1999 AeschyluS,
2733 1916 2810 1975 ut
2845 1926 3085 1975 omnes

705 2013 989 2105 antiqui,
1043 2034 1256 2105 quum
1309 2012 1632 2082 universe
1686 2011 1777 2082 de
1830 2011 1966 2081 deo
2015 2012 2412 2102 loquuntur,
2452 2029 2721 2080 summa
2766 2008 2837 2079 id
2891 2030 3087 2079 reve-

580 2118 927 2204 p.5rentia
982 2116 1168 2201 facit,
1223 2137 1447 2208 aeque
1489 2126 1559 2186 ut
1597 2103 1962 2185 Christiani
2011 2113 2590 2207 perfectissimum
2628 2124 2699 2182 et
2735 2112 3089 2183 sanctissi-
3253 2111 3260 2218 l

702 2244 888 2292 mum
930 2221 1294 2312 omnisque
1350 2219 1521 2289 labis
1561 2241 1818 2311 expers
1855 2240 2113 2288 numen
2152 2238 2517 2286 venerans.
2561 2215 2811 2285 ,Valde
2863 2216 2955 2286 ab
3008 2236 3087 2285 eo
3257 2233 3258 2248 ¹

704 2325 841 2395 deo
894 2324 1214 2393 diversus
1267 2332 1376 2392 est
1426 2323 1483 2391 is
1523 2323 1857 2415 luppiter,
1910 2344 2117 2413 quem
2173 2320 2373 2391 unius
2411 2342 2504 2389 ex
2540 2319 2672 2389 diis
2715 2340 3088 2412 personam

704 2428 1160 2498 sustinentem
1241 2425 1551 2517 potentia
1623 2424 1906 2515 quidem
1979 2424 2493 2516 praevalidum,
2559 2434 2795 2493 cetera
2860 2433 3088 2494 autem

706 2530 970 2599 homini
1015 2529 1307 2598 similem
1353 2527 1596 2597 iisdem
1648 2527 1900 2618 quibus
1940 2527 2314 2597 humanam
2351 2537 2670 2597 naturam
2707 2527 3091 2597 affectioni-

706 2634 836 2705 bus
874 2633 1079 2702 animi
1116 2631 1497 2702 obnoxium
1527 2631 1948 2724 cogitabant.
2009 2632 2149 2702 Hos
2187 2653 2327 2703 non
2366 2631 2798 2723 distinguens
2827 2630 3090 2702 Schoe-

707 2758 999 2808 mannus
1065 2735 1212 2805 fieri
1275 2758 1419 2806 non
1484 2736 1705 2828 potuit
1767 2735 1932 2828 quin
1997 2757 2309 2828 pugnare
2374 2758 2611 2806 secum
2668 2733 3091 2828 Aeschylum

708 2841 1066 2924 crederet,
1125 2840 1241 2931 qui
1294 2861 1502 2931 quem
1550 2839 1713 2909 alibi
1766 2849 1841 2910 ut
1886 2840 2469 2932 sapientissimum
2521 2850 2591 2910 et
2644 2839 3091 2910 iustissimum

706 2945 1243 3038 gubernatorem
1300 2943 1537 3014 mundi
1603 2943 2078 3036 praedicaret,
2137 2945 2203 3012 in
2257 2943 2671 3013 Prometheo
2723 2943 3088 3035 ingratum,

707 3049 1055 3133 iniustum,
1110 3070 1423 3131 saevum,
1477 3047 1836 3118 crudelem
1885 3047 2185 3117 fecisset.
2264 3048 2501 3139 Itaque
2540 3046 2773 3130 deum,
2815 3047 3091 3138 qualem

708 3152 1072 3222 Christiani
1113 3152 1427 3236 colimus,
1465 3151 1792 3244 Aeschyli
1833 3152 2062 3222 animo
2102 3151 2551 3221 obversatum
2587 3159 2801 3234 ratuS,
2841 3171 3092 3220 neces-

706 3257 888 3326 sario
927 3257 995 3324 in
1033 3278 1188 3325 eam
1227 3256 1535 3326 incidere
1573 3255 1971 3348 opinionem
2002 3254 2267 3340 debuit,
2309 3265 2381 3326 ut
2420 3255 2571 3338 ista,
2610 3275 2791 3346 quae
2826 3254 2896 3323 in
2932 3255 3090 3325 Iove

706 3358 1169 3451 vituperanda
1219 3369 1516 3452 putaret,
1565 3380 1641 3429 re
1680 3380 1849 3428 vera
1885 3378 2026 3427 non
2065 3356 2256 3443 vitia,
2303 3358 2432 3428 sed
2479 3360 2659 3428 furto
2701 3357 3088 3428 Promethei

707 3471 1158 3556 provocatam
1211 3464 1461 3532 iustam
1511 3461 1626 3532 dei
1685 3461 1857 3531 iram
1894 3482 2052 3530 esse
2089 3470 2446 3545 statueret,
2487 3460 2697 3552 idque
2734 3470 3092 3532 ostensum

708 3587 867 3637 esse
934 3566 1256 3636 crederet
1310 3585 1394 3633 ea
1447 3565 1810 3657 tragoedia
1872 3585 2053 3655 quae
2116 3565 2319 3635 soluti
2377 3564 2769 3635 Promethei
2833 3585 3091 3635 nomen

707 3692 961 3764 gerens
999 3670 1180 3739 illam
1213 3690 1421 3760 quam
1451 3668 1789 3759 integram
1820 3667 2160 3740 habemus
2189 3669 2629 3760 sequebatur.
2689 3668 2795 3739 Eo
2833 3670 3090 3740 factum

708 3786 817 3845 est
866 3772 1165 3855 autem,'
1197 3782 1271 3843 ut
1325 3770 1535 3842 etiam
1591 3772 1659 3840 in
1714 3771 2197 3842 Prometheum
2265 3772 2536 3864 iniquus
2598 3782 2821 3857 esset,
2879 3792 3091 3865 quem

711 3879 968 3970 pariter
1017 3876 1235 3948 nostri
1292 3876 1446 3946 aevi
1511 3896 1760 3945 sensus
1814 3875 2410 3967 Christianamque
2476 3875 2913 3968 disciplinam
2970 3875 3093 3945 ad-

708 3979 956 4051 hibens
994 4003 1079 4052 eo
1117 3982 1486 4073 vituperat,
1526 3978 1717 4071 quod
1754 3999 1923 4070 quas
1961 3989 2145 4050 artes
2184 3980 2576 4050 hominibus
2615 3978 3089 4072 impertiverit,

711 4104 839 4154 eae
877 4105 1119 4155 omnes
1155 4106 1296 4154 non
1336 4083 1424 4154 ad
1464 4104 1735 4154 morum
1783 4083 2197 4175 probitatem
2250 4093 2457 4175 atque
2496 4083 2703 4152 animi
2741 4083 3090 4166 virtutem,

711 4185 838 4256 sed
895 4186 983 4257 ad
1037 4189 1220 4258 vitae
1275 4188 1730 4257 necessitates
1784 4196 1853 4256 et
1905 4186 2436 4264 commoditates
2483 4195 2825 4280 spectent,
2871 4187 2968 4256 ita
3024 4196 3093 4257 ut

711 4289 1028 4359 homines
1067 4291 1155 4360 ad
1193 4291 1411 4362 solum
1453 4289 1761 4362 utilitatis
1800 4291 2103 4362 studium
2151 4291 2647 4375 informaverit,
2685 4312 2915 4382 eoque
2952 4311 3092 4359 non

719 4394 810 4465 de
847 4393 1157 4463 bonitate
1194 4395 1379 4464 vitae
1418 4394 1806 4487 cogitantes
1843 4395 2208 4487 pellexerit
2243 4394 2337 4465 ad
2372 4395 2648 4466 vitium:
2701 4395 2767 4462 in
2811 4416 2953 4486 quo
2991 4402 3094 4464 est

620 4599 623 4603 Ι
713 4522 780 4591 p.
839 4495 956 4568 54.
1016 4517 1235 4588 usque
1290 4520 1375 4568 eo
1440 4518 1891 4591 progressu&
1949 4497 2021 4570 ut
2078 4497 2569 4568 Prometheum
2636 4499 2745 4567 vel
2811 4498 3093 4568 diabolo

710 4600 1215 4694 aequipararet.
