3328 5326
1183 335 1661 401 anselmus.
1919 319 1924 322 ’
2481 344 2608 403 ,411

260 526 646 619 tragoediae
709 528 1048 621 praebere
1113 529 1434 621 potuerit.
1552 530 1764 602 Haec·
1789 530 2073 623 quidem
2128 534 2342 608 multo
2393 536 2618 628 magis

258 630 575 700 mirabilia
604 641 786 702 sunt.
844 631 1072 703 Primo
1099 632 1454 724 quomodo
1481 634 1705 726 potuit
1732 644 2060 726 tanquam
2089 636 2380 707 alterum
2409 655 2616 731 argu-

255 743 546 808 mentum
584 733 836 819 afferri,
877 735 1069 827 quod
1107 745 1332 807 totum
1368 758 1462 807 ex
1495 737 1741 829 priore·
1764 759 2181 831 suspensum
2220 742 2373 810 est‘?
2439 742 2612 813 Illud

256 858 404 907 vero
441 837 705 910 nullum
742 860 901 908 esse
938 840 1283 931 apparuit:
1341 861 1508 933 ergo
1546 840 1735 912 cadit
1777 841 1984 912 etiam
2022 841 2359 935 quidquid
2396 864 2494 914 611
2526 863 2614 916 60

256 939 626 1025 derivatur,
679 952 755 1012 ut
806 952 1038 1013 tacere
1087 941 1177 1013 de
1229 941 1336 1041 his
1384 963 1697 1037 possem,
1751 944 1882 1014 nisi
1918 953 2188 1016 tantum
2223 947 2506 1017 abesset
2543 957 2617 1020 ut

256 1045 714 1115 communiant
743 1044 963 1115 Ἰλίου
1000 1047 1247 1140 πέρσων
1287 1045 1636 1140 Aeschyli,
1677 1058 1755 1119 ut
1790 1059 1946 1119 eam
1981 1048 2212 1141 potius
2247 1050 2616 1121 evidenter

251 1149 556 1218 refutent.
670 1148 888 1234 Sane,
950 1149 1007 1218 si
1064 1149 1154 1220 de
1201 1149 1623 1242 Astyanacte
1673 1150 1857 1222 dicta
1916 1162 2023 1222 est
2078 1151 2190 1220 illa
2240 1154 2608 1239 sententia,

252 1251 423 1343 quod
458 1262 696 1321 tamen
732 1273 876 1322 non
913 1244 1029 1322 est’
1056 1252 1194 1322 ullo
1229 1254 1444 1323 modo
1482 1253 2055 1339 demonstratum,
2096 1255 2285 1347 loqui
2311 1258 2611 1349 aliquem

247 1375 527 1425 11666556
580 1365 689 1425 est
735 1355 854 1447 qui
902 1356 1295 1427 necandum
1349 1378 1505 1427 esse
1568 1379 1860 1451 puerum
1925 1359 2279 1430 censebat.
2390 1361 2611 1431 Sumit

250 1479 396 1550 ergo
438 1457 844 1529 Welckerus
878 1458 1306 1530 deliberasse
1344 1460 1443 1530 de·
1473 1479 1559 1531 ea
1597 1482 1673 1531 16
1711 1462 2035 1533 Achivos
2126 1461 2422 1534 At·vero
2466 1485 2608 1533 non

246 1562 507 1633 videtur
560 1562 906 1654 cogitasse
957 1564 1161 1655 plane
1216 1565 1639 1646 contrarium
1693 1586 1786 1635 ex
1830 1564 1964 1636 hac
2000 1565 2402 1637 coniectura
2438 1573 2609 1638 'con-

248 1666 424 1758 sequi
479 1686 689 1757 quam
738 1666 1042 1758 putabat.
1123 1666 1232 1737 Sic
1273 1668 1455 1737 'enim
1493 1668 1612 1760 qui
1648 1668 1717 1736 in
1755 1669 1885 1739 ista
1924 1668 2284 1761 tragoedia
2319 1680 2605 1762 agerent

248 1768 479 1839 Graeci
517 1778 775 1852 essent,
814 1790 955 1840 non
994 1770 1301 1854 Troiani3
1349 1771 1687 1856 victorem,
1728 1794 1869 1842 non
1907 1772 2104 1854 victi;
2151 1773 2463 1844 secunda
2503 1773 2607 1845 usi

244 1874 500 1943 fortuna
523 1925 541 1955 ,
590 1891 731 1942 1106
783 1872 1099 1944 adversa.
1181 1872 1477 1944 Difficile
1514 1875 1830 1967 profecto
1866 1877 1980 1945 vel
2020 1897 2290 1947 summo
2327 1877 2606 1970 ingenio
2624 1892 2761 1953 9³⁵

240 1976 432 2046 fuerit
468 1997 565 2045 ex
601 1975 706 2045 his
743 1977 1103 2047 elementis
1142 1976 1576 2070 tragoediam
1625 1997 2068 2071 componere.
2146 1979 2513 2051 Praeterea
2550 1981 2606 2051 is
2653 1995 2660 2034 ²
2691 2027 2697 2034 -
2727 2039 2734 2050 .

243 2080 345 2170 qui
380 2080 650 2150 diceret

430 2183 517 2252 οὐ
554 2182 685 2278 χρὴ
725 2183 1007 2259 λέοντος
1045 2180 1368 2273 σκύμνον,
1393 2187 1468 2254 ἐν
1503 2181 1698 2264 πόλει
1735 2186 2044 2278 τρέφειν,

242 2295 347 2355 aut
380 2286 630 2357 stultus
666 2296 876 2370 esset,
917 2286 975 2355 si
1011 2285 1102 2355 de
1141 2307 1358 2378 puero
1396 2287 1465 2356 in
1502 2299 1752 2357 eversa
1787 2287 2093 2359 funditus
2123 2298 2329 2380 atque
2368 2290 2605 2372 6110156

241 2388 398 2459 111116
435 2389 808 2460 educando
854 2390 1292 2481 loqueretur,
1332 2399 1451 2461 aut
1487 2389 1761 2460 diceret
1798 2391 1963 2461 illud
2002 2391 2243 2476 alicui,
2283 2393 2396 2462 cui
2432 2414 2606 2486 puer

240 2502 412 2563 sorte
464 2515 558 2563 ex
605 2492 895 2585 captivis
961 2493 1360 2585 obtigisset,
1390 2514 1700 2564 'monens
1759 2516 1851 2564 116
1916 2515 2072 2565 eum
2121 2495 2191 2564 in
2243 2495 2603 2567 Graeciam

242 2616 464 2668 secum
514 2596 925 2667 abduceret:
982 2596 1367 2668 cuiusmodi
1420 2597 1599 2667 inter
1634 2597 1952 2668 homines
1990 2598 2302 2691 privatos
2337 2598 2606 2672 delibe-

241 2701 403 2771 ratio
456 2700 667 2771 valde
721 2700 810 2770 ab
864 2699 1189 2793 Aeschyli
1244 2710 1391 2771 arte
1446 2700 1795 2775 abhorret.
1921 2702 2350 2794 Relinquitur
2402 2705 2604 2775 tertia

240 2804 426 2889 ratic,
466 2803 557 2875 de
594 2826 734 2896 qua
770 2804 999 2874 statim
1037 2803 1323 2875 dicam..
1370 2805 1443 2874 Si
1480 2805 1710 2896 aliqua
1747 2805 2080 2898 Aeschyli
2106 2805 2327 2877 Ἰλίου
2363 2807 2603 2902 πέρσις

238 2906 389 2992 fuit,
430 2907 704 2978 Troiani
757 2929 1050 2978 6606556
1095 2918 1203 2978 est
1256 2908 1636 2983 introducti
1689 2909 1941 2978 fuerint
1976 2908 2165 2979 urbis
2201 2930 2372 2980 suae
2409 2911 2604 2982 exci-

238 3008 418 3081 dium
471 3012 822 3103 lugenteS,
862 3021 937 3082 ut
973 3011 1060 3080 ab
1096 3010 1427 3103 Euripide
1465 3011 1533 3080 in
1571 3010 1956 3082 Troadibus
2001 3014 2261 3082 factum
2299 3022 2427 3084 est.
2502 3014 2602 3084 Ita

238 3134 398 3184 vero
443 3136 584 3185 non
638 3110 874 3184 Achivi
932 3115 1406 3187 consultantes
1462 3115 1530 3182 in
1581 3135 1793 3184 scena
1843 3115 2151 3206 conspici
2201 3125 2596 3209 potuerunt,

233 3216 348 3288 sed
388 3229 505 3291 aut
537 3219 818 3289 nuntius
856 3218 946 3289 de
983 3217 1305 3288 necando
1341 3228 1688 3289 necatove
1712 3216 2142 3310 Astyanacte
2174 3221 2437 3289 referre
2476 3221 2604 3292 de·-

234 3320 393 3406 buit,
437 3333 553 3393 aut
588 3321 1084 3415 Neoptolemus
1121 3321 1345 3392 oranti
1381 3321 1951 3406 Andromachae,
1992 3332 2067 3393 ut
2103 3320 2281 3394 filius
2320 3344 2602 3395 asene

236 3425 680 3510 avelleretur,
731 3435 926 3496 atrox
986 3424 1155 3496 illud
1206 3446 1625 3518 responsum·
1667 3424 1858 3495 dare.
1948 3423 2176 3518 Atque
2225 3425 2402 3498 11660
2453 3430 2600 3499 5016

226 3529 398 3599 ratio
449 3531 607 3600 talis
657 3540 793 3614 est,
847 3538 950 3600 ut,
980 3550 1220 3600 versus
1274 3529 1385 3599 ille
1441 3529 1532 3600 de
1577 3525 2010 3621 Astyanacte
2053 3539 2245 3600 recte
2286 3541 2597 3624 apteque

236 3629 364 3701 dici
409 3634 744 3726 potuerit,
795 3642 1164 3726 postquam
1214 3631 1498 3725 quidem
1549 3653 1707 3703 esse
1760 3631 1853 3703 de
1901 3655 1987 3703 eo
2037 3633 2302 3704 dictum
2353 3634 2599 3725 aliquis

236 3733 845 3822 demonstraverit,
900 3736 1091 3828 quod
1146 3736 1456 3807 'nondum
1511 3744 1620 3805 est
1672 3738 1952 3808 factum.
2076 3736 2396 3806 Ceterum
2463 3737 2598 3808 hoc

234 3860 504 3932 quoque
540 3840 914 3934 permirum
952 3851 1090 3924 est,
1126 3840 1314 3932 quod
1355 3839 1764 3911 Welckerus
1800 3850 2094 3910 mortem
2127 3838 2593 3932 Astyanactis,

232 3952 303 4012 ut
354 3965 498 4014 rem
549 3944 753 4033 nimis
802 3965 1121 4037 parvam,
1159 3945 1283 4014 vix
1326 3945 1634 4037 potuisse
1673 3953 2156 4035 argumentum
2193 3944 2596 4034 tragoediae

231 4047 559 4137 praebere
596 4048 811 4140 putatL
864 4047 1047 4132 Quis
1064 4048 1247 4117 enim
1276 4047 1522 4118 credat
1548 4047 1908 4117 materiam
1936 4046 2243 4117 defuisse
2271 4045 2594 4142 Aeschyli

232 4148 525 4243 ingenio,
563 4152 622 4221 si
657 4149 1219 4221 Andromacham
1256 4171 1395 4220 non
1432 4151 1532 4221 sol
1542 4172 1653 4222 um
1694 4150 2035 4243 captivam
2072 4149 2251 4221 tradi
2289 4149 2600 4245 Neopto*-

233 4250 413 4323 lemo
433 4306 453 4337 ‚
497 4254 621 4325 sed
672 4254 880 4325 etiam
926 4254 1242 4329 orbatam
1288 4253 1772 4324 crudelissime
1819 4252 1961 4323 filio
2009 4274 2140 4324 suo
2189 4254 2259 4323 in
2310 4275 2594 4327 scenam

232 4356 612 4447 producere
661 4357 1047 4429 voluisset?
1118 4354 1370 4427 Contra
1423 4357 1586 4449 quid
1639 4356 1775 4428 hoc
1824 4362 1967 4442 est,
2006 4356 2198 4449 quod
2233 4368 2434 4450 putat
2464 4381 2591 4447 ex-

234 4458 488 4531 cidium
519 4461 758 4532 Troiae
805 4470 1021 4533 totum
1076 4460 1171 4530 ab
1221 4480 1306 4530 eo
1352 4482 1512 4531 6556
1560 4460 2035 4553 descriptum?
2119 4460 2298 4532 Num
2347 4481 2592 4532 omnes

233 4560 378 4633 illas
426 4582 570 4648 res,
620 4564 709 4635 de
746 4565 995 4657 quibus
1033 4564 1100 4633 in
1141 4584 1357 4657 parva
1392 4564 1601 4635 Iliade
1654 4563 2048 4657 expositum
2096 4575 2281 4649 erat,
2320 4584 2479 4634 eum
2517 4563 2587 4632 in
