3328 5326
971 1207 1908 1398 memus(

431 1765 623 1849 Non
673 1766 993 1849 vinnm
1043 1767 1605 1851 AEscflYLUM
1653 1775 1975 1846 [mor
2015 1713 2442 1847 nffpzm

1108 1886 1729 1989 8600816800

476 2064 812 2136 Putabam
883 2086 1017 2157 ego
1087 2088 1227 2137 non
1298 2087 1507 2159 posse
1585 2067 2047 2138 demonstrari
2125 2067 2455 2160 scriptam
2525 2066 2615 2137 ab
2633 2084 2731 2145 με

254 2165 589 2261 Aeschylo
641 2190 799 2240 esse
848 2168 1311 2261 tragoediam,
1362 2191 1544 2262 quae
1594 2169 1803 2246 Ἰλίου
1852 2173 2092 2265 πέρσις
2141 2169 2335 2241 dicta
2393 2178 2615 2242 totum

255 2281 426 2341 esset
474 2272 735 2344 bellum
781 2273 1153 2344 Troianum
1217 2274 1607 2366 complexa.
1708 2274 1880 2343 Eam
1932 2283 2166 2348 tamen
2212 2272 2616 2367 opinionem

251 2396 447 2465 quum
467 2376 1155 2469 anizmoconcepisset
1169 2376 1848 2464 Fr.Th.WelckeruS‚
1865 2378 1972 2448 vir
1997 2376 2613 2469 ingeniosissimuS,

247 2476 319 2547 lis
353 2489 460 2550 est
498 2478 679 2550 inter
715 2500 826 2549 me
873 2489 946 2550 et
995 2480 1185 2551 illum
1222 2490 1502 2565 exorta,
1540 2503 1756 2574 quum
1799 2501 2030 2573 neque
2068 2480 2337 2574 egoilli
2373 2501 2617 2554 assen-

249 2581 345 2650 tiri
395 2604 714 2676 possem‚
766 2571 996 2676 neque
1042 2583 1157 2654 ille
1204 2584 1426 2686 allatis
1463 2606 1505 2655 a
1540 2606 1653 2654 me
1701 2584 2126 2677 argumentis
2165 2583 2610 2656 concederet.

249 2683 522 2758 Protulit
595 2688 816 2780 primo
889 2709 1086 2761 suam
1164 2689 1636 2773 coniecturam
1700 2689 1770 2758 in
1835 2688 2100 2765 diurnis
2179 2689 2614 2775 scholasticis

250 2809 300 2857 a.
358 2792 578 2863 4834.
630 2793 799 2861 fasc.
856 2792 971 2864 42.
1030 2815 1098 2885 p.
1153 2792 1339 2864 4244
1408 2813 1614 2885 seqq.
1680 2793 2143 2885 repetivitque
2220 2792 2290 2861 in
2369 2793 2614 2881 Museo

246 2890 569 2965 Rhenano
605 2894 684 2963 V.
724 2897 792 2966 3.
833 2917 902 2987 p.
941 2893 1087 2967 483
1128 2916 1320 2986 seqq.
1409 2895 1810 2969 Contradixi
1846 2917 1980 2988 ego
2020 2897 2089 2967 in
2125 2895 2616 2983 dissertatione

248 2994 328 3066 de
382 2997 715 3090 Aeschyli
780 2997 1265 3091 Psychostasia
1328 2999 1470 3069 sive
1534 3000 1602 3071 in
1669 2999 1923 3091 Opusc.
1964 3000 2096 3069 vol.
2137 2998 2271 3068 VII.
2324 3021 2390 3091 p.
2439 2998 2608 3069 357.

244 3102 732 3194 responditque
785 3123 926 3172 non
978 3101 1127 3173 sine
1183 3101 1484 3194 quadam
1516 3102 1746 3185 ,animi
1782 3102 2247 3175 commotione
2283 3102 2354 3171 in
2392 3100 2614 3177 Musei

245 3201 551 3275 Rhenani
601 3206 953 3299 Supplem.
997 3206 1072 3274 11.
1123 3208 1188 3274 4.
1238 3228 1302 3297 p.
1354 3207 1447 3275 39
1502 3226 1699 3298 seqq.
1753 3226 2105 3297 quumque
2169 3227 2302 3296 ego
2362 3205 2612 3277 iterum

244 3306 417 3398 illam
448 3309 862 3381 sententiam
891 3309 960 3378 in
990 3307 1252 3379 diurnis
1279 3307 1964 3381 Darmstadiensibus
1993 3329 2054 3378 a.
2086 3310 2309 3379 4839.
2343 3310 2510 3378 fasc.
2540 3310 2606 3379 8.

242 3431 306 3502 p.
340 3412 488 3484 729
527 3434 723 3505 seqq.
758 3412 1302 3506 impugnassem‚
1342 3411 1576 3484 denuo
1615 3433 1770 3483 eam
1806 3411 2121 3487 defendit
2156 3413 2226 3483 in
2257 3412 2609 3505 Supplem.

243 3513 406 3586 Mus
440 3515 662 3587 Rhen.
695 3516 770 3586 ΙΙ.
810 3519 876 3587 3.
907 3539 975 3610 p.
1015 3517 1209 3587 4506
1247 3537 1439 3609 seqq.
1481 3516 1795 3609 pacatius
1832 3516 2152 3609 quidem,
2202 3514 2332 3589 sed
2376 3524 2613 3601 tamen

242 3626 487 3689 utnon
523 3620 712 3691 omni
764 3641 841 3692 se
895 3620 1282 3691 exsolvisse
1335 3620 1714 3714 cupiditate
1743 3620 2092 3692 videatur.
2167 3619 2323 3693 Non
2373 3618 2612 3703 inutile

242 3720 439 3792 fuerit
476 3723 547 3793 id
582 3745 724 3794 uno
760 3725 1008 3795 saltem
1046 3724 1369 3818 exemplo
1407 3724 1839 3808 ostendisse,
1882 3733 1958 3796 ut
1992 3723 2156 3795 inde
2195 3722 2286 3794 de
2314 3731 2459 3793 tota
2492 3721 2612 3809 lite

242 3821 528 3896 iudicari
575 3827 817 3920 possit.
907 3827 1081 3898 Nam
1129 3849 1273 3899 non
1319 3836 1457 3898 tam
1510 3827 1601 3899 de
1650 3826 2010 3920 tragoedia
2059 3827 2210 3911 illa,
2261 3847 2471 3917 quam
2519 3824 2611 3899 dc

241 3926 631 4021 disputandi
667 3931 938 4002 ratione
975 3931 1221 4024 agitur.
1290 3931 1519 4016 Quum
1555 3932 1841 4003 miratus
1875 3951 2108 4002 essem
2144 3928 2336 4021 quod
2371 3932 2617 4013 emen-‘

238 4029 588 4104 dationem
635 4056 865 4105 meam
918 4035 1282 4127 fragmenti
1332 4035 1695 4107 cuiusdam
1729 4032 2098 4127 Aeschylei
2149 4024 2615 4125 vituperasset

234 4136 419 4208 nullo
480 4148 885 4230 argumento
937 4139 1176 4224 allato„
1215 4148 1292 4211 ut
1326 4139 1683 4211 videretur
1727 4137 2212 4211 auctoritatem
2249 4156 2447 4209 suam
2484 4157 2611 4230 pro

237 4252 640 4332 argumento
675 4241 919 4328 haberi
956 4243 1159 4325 velle,
1197 4263 1383 4315 nunc
1420 4243 1599 4315 illius
1638 4242 1876 4315 iudicii
1910 4241 2251 4325 rationem
2278 4239 2602 4311 reddidit.

237 4338 400 4412 Erat
438 4343 608 4415 illud
642 4347 1108 4439 fragmentum
1152 4343 1328 4438 [452
1367 4344 1607 4441 Dind.]
1653 4368 1695 4417 a
1730 4367 1844 4419 me
1878 4345 1979 4416 sic
2018 4345 2493 4417 constitutum:

404 4595 469 4680 ⁴⁵)
509 4597 684 4662 Edita
714 4609 812 4662 est
842 4619 899 4662 a.
933 4601 1120 4662 ⁴84⁴.

317 4701 512 4762 Bnnn.
554 4702 655 4765 Or.
692 4703 845 4765 Vlll.
2165 4704 2190 4763 Ῑ
