3328 5326
708 379 828 438 240
1672 376 2098 437 EURIPIDES.

706 568 1065 639 dissimum
1117 566 1664 637 additamentum
1717 577 1877 636 sunt
1917 566 2459 659 interpolatoris,
2502 586 2541 634 a
2579 566 2776 636 cuius
2815 565 3046 658 impor-

706 673 996 742 tunitate
1033 669 1375 740 liberandi
1412 680 1572 740 sunt
1607 670 1816 740 etiam
1845 670 2201 763 anapaesti
2226 692 2296 740 v.
2335 670 2671 741 4325—4
2695 671 2866 753 335,
2897 690 3050 761 quos

708 775 806 845 sic
844 774 1137 866 scriptos
1177 775 1389 845 fuisse
1430 774 1577 843 veri
1615 774 1835 843 simile
1872 784 2009 844 est:

1014 875 1113 972 μή
1150 903 1279 967 μοι
1314 875 1505 946 ναῶν
1542 875 2116 968 χαλκεμβολάδων

1013 978 1342 1074 πρύμνας
1377 979 1489 1049 ἅδ’
1529 979 1763 1056 ,Αὐλὶς
1799 980 2141 1062 δέξασθαι

1016 1080 1246 1159 τούςὸ’
1278 1084 1375 1159 εἰς
1412 1083 1678 1177 ὅρμους

1174 1186 1431 1278 ὤφελεν
1467 1182 1719 1257 ἐλάταν
1754 1184 2154 1276 πομπαίαν,

1167 1290 1338 1384 μηδ’
1381 1288 1684 1359 ἀνταίαν
1718 1287 2019 1383 Εὐρίπῳ

1017 1392 1314 1463 πνεῦσαι
1348 1391 1639 1482 πομπὰν
1678 1392 1858 1470 Ζεύς
1896 1391 2217 1462 εἱλίσσων

1016 1495 1245 1590 αὔραν
1284 1493 1516 1570 ἄλλοις
1553 1493 1766 1566 ἄλλαν
1799 1495 2097 1566 θνατῶν

1013 1597 1319 1690 λαίφεσι,
1361 1602 1514 1673 τοῖς
1548 1596 1679 1687 μὲν

1169 1699 1465 1793 χαίρειν,
1510 1700 1779 1770 ἄλλοισι
1817 1701 1890 1771 δὲ
1922 1697 2176 1771 λύπαν.

912 1804 988 1873 V.
1037 1805 1233 1875 ’1357
1243 1858 1256 1871 .
1297 1802 1701 1873 insolentior
1750 1804 2115 1896 productio
2153 1803 2253 1872 sic
2292 1802 2720 1872 removenda
2756 1802 3054 1873 videtur:

1014 1908 1199 1978 AX.
1245 1905 1424 1975 αὐτὸ
1462 1907 1708 1975 τοῦτο.
1770 1909 1948 1977 ΚΛ.
1993 1904 2102 1982 τίς
2139 1906 2225 1975 ἂν
2263 1905 2433 2001 ἔτλη.
2465 1904 2537 1975 δὲ
2575 1903 2905 1997 σώματος
2937 1905 3062 1975 τοῦ

1021 2010 1163 2079 σοῦ·
1185 2014 1417 2098 θιγεῖν
1435 2037 1461 2101 ,·

912 2113 988 2182 V.
1029 2115 1247 2183 4364.
1283 2111 1560 2182 videtur
1594 2106 1785 2182 εὖνιν
1822 2112 2289 2183 scribendum.

912 2217 986 2286 V.
1025 2218 1243 2286 4388.
1278 2225 1468 2285 certo
1519 2236 1663 2285 non
1707 2225 1814 2284 est
1848 2216 2232 2308 Euripidis,
2288 2236 2369 2285 ac
2425 2236 2678 2285 vereor
2730 2214 2932 2285 etiam
2975 2235 3067 2284 ne

706 2342 832 2412 pro
868 2318 1143 2391 duobus
1180 2320 1296 2410 qui
1333 2318 1766 2410 praecedunt
1800 2318 1914 2388 hic
1954 2341 2130 2390 unus
2168 2318 2255 2388 ab
2292 2340 2378 2389 eo
2416 2319 2684 2412 positus
2722 2319 2949 2391 fuerit:

1013 2421 1142 2498 τὰς
1179 2421 1250 2491 δὲ
1284 2419 1672 2512 μελλούσας
1706 2427 2036 2509 γυναῖκας
2071 2422 2304 2518 μηκέθ
2349 2420 2681 2517 ἁρπάζειν
2717 2422 2863 2492 ε’ἄν.

910 2524 985 2595 V.
1025 2523 1242 2593 4397.
1283 2535 1475 2594 recte
1513 2525 1938 2616 Hartungus:

1014 2626 1089 2697 τί
1114 2625 1199 2697 τὸ
1229 2625 1497 2698 δίκαιον
1523 2627 1714 2698 τοῦτ’
1724 2655 1750 2721 ,·
1782 2627 2058 2719 ἔχοιμεν
2087 2622 2175 2722 ἄρ
2223 2628 2310 2699 ἂν
2339 2630 2689 2699 ἀντειπεῖν
2718 2627 2883 2706 ἔπος
2891 2657 2916 2723 ,·

909 2732 1105 2815 Quae
1142 2752 1184 2801 a
1218 2756 1277 2800 v.
1316 2730 1536 2801 4440.
1594 2730 1897 2802 Achilles
1935 2731 2334 2824 Iphigeniae
2385 2732 2583 2816 dicit,
2626 2732 3067 2825 interpolator

702 2835 876 2904 mira
926 2835 1374 2928 perversitate
1418 2835 1652 2907 iudicii
1703 2835 2148 2928 ineptissimis
2187 2836 2504 2907 versibus
2557 2836 2788 2921 auxit,
2826 2835 3068 2928 quibus

704 2938 943 3010 eiectis
979 2939 1155 3009 haec
1194 2949 1499 3009 remanet
1541 2939 1751 3031 digna
1786 2938 2056 3008 Achille
2093 2940 2348 3011 oratio:

1005 3044 1533 3133 Ἀγαμέμνονος
1566 3048 1725 3132 παῖ,
1765 3041 2119 3137 μακάριον
2154 3044 2251 3132 μέ
2274 3068 2385 3120 τις
2418 3041 2611 3114 θεῶν

1008 3145 1232 3236 ἔμελλε
1267 3143 1547 3241 θήσειν,
1589 3147 1657 3216 εἰ
1689 3140 1978 3237 τύχοιμι
2015 3145 2156 3215 σῶν
2189 3143 2460 3235 γάμων.

1011 3248 1185 3343 ζηλῶ
1225 3248 1298 3318 δὲ
1336 3250 1463 3319 σοῦ’
1498 3249 1628 3339 μὲν
1661 3246 1979 3337 Ἑλλάδ’,
2017 3245 2357 3326 Ἑλλάδος
2395 3247 2468 3318 δὲ
2505 3248 2604 3318 σε’·

1008 3351 1271 3440 μᾶλλον
1308 3350 1381 3421 δὲ
1414 3353 1717 3447 λέκτρων
1755 3352 1895 3420 σῶν
1931 3348 2164 3426 πόθος
2199 3353 2266 3442 μ’
2307 3352 2651 3444 ἑςέρχεται

1011 3456 1079 3528 εἷς
1113 3451 1245 3547 τὴν
1284 3449 1500 3544 φύσιν
1535 3455 1916 3546 βλέψαντα·
1957 3451 2243 3541 γενναία
2276 3452 2409 3548 γάρ
2448 3449 2535 3523 εἷ.

1010 3555 1143 3649 ὅρα
1180 3556 1276 3644 δ’,
1321 3556 1671 3651 ἄθρησον·
1723 3556 1760 3624 ὁ
1797 3552 2120 3631 θάνατος
2157 3554 2383 3626 δεινὸν
2420 3553 2659 3646 κακόν,

1008 3655 1250 3754 χρήσει
1286 3657 1358 3729 δὲ
1392 3658 1510 3728 καὶ
1549 3657 1632 3728 σύ
1672 3664 1824 3735 τοῖς
1858 3662 2058 3749 ἐμοῖς
2091 3656 2325 3748 λόγοις
2362 3657 2573 3749 τάχα,

1010 3761 1187 3832 ὅταν
1222 3764 1430 3838 πέλας
1471 3761 1594 3857 σῆς
1631 3757 1994 3854 φάσγανον
2032 3763 2232 3857 δέρης
2269 3763 2443 3855 ἴδῃς.

698 3865 808 3937 Ad
860 3866 1039 3937 haec
1087 3865 1315 3936 statim
1365 3864 1747 3957 respondet
1797 3864 2156 3957 Iphigenia
2203 3889 2262 3934 v.
2315 3863 2844 3939 4428—4432.
2890 3884 3060 3957 quos

698 3980 1081 4062 sequuntur
1117 3968 1210 4038 illi
1249 3991 1380 4040 sex
1412 3967 1720 4052 Achillis,
1759 3990 1934 4059 quos
1972 3968 2041 4036 in
2080 3968 2388 4039 editione
2424 3989 2579 4038 mea
2618 3970 2834 4062 posui.
2894 3969 3053 4038 Tum

699 4072 841 4143 abit
876 4073 1200 4143 Achilles.

903 4176 978 4245 In
1015 4176 1303 4260 melicis,
1343 4175 1596 4268 quibus
1633 4196 1814 4267 quae
1850 4175 2152 4267 genuina
2179 4185 2338 4246 sunt
2365 4173 2718 4260 finiuntur,
2756 4175 2922 4246 nihil
2957 4181 3057 4244 est

541 4302 593 4356 P·
616 4293 678 4339 ⁴2
697 4277 886 4370 quod
912 4279 1060 4350 iure
1089 4288 1487 4373 suspectum
1515 4280 1624 4363 sit,
1654 4287 1931 4372 praeter
1959 4277 2273 4349 additum
2298 4304 2355 4347 v.
2396 4279 2614 4352 452⁴.
2650 4285 3041 4371 σφαγεῖσαν.

698 4382 873 4452 Nam
926 4393 999 4452 et
1044 4393 1336 4454 metrum
1389 4382 1678 4475 requirit
1726 4382 2162 4466 dochmium,
2217 4391 2305 4452 et,
2335 4381 2680 4452 sententia
2732 4403 2905 4475 opus
2955 4386 3051 4449 est

696 4486 847 4572 tali,
903 4486 1149 4556 σπεῦδε
1185 4485 1257 4556 δὲ
1292 4485 1469 4582 πρὸς
1503 4485 1587 4556 τὸ
1625 4484 1807 4556 δέον.
1892 4486 2208 4557 Infelices
2246 4494 2571 4570 conatuS,
2625 4486 2877 4578 quibus
2909 4480 3053 4576 qui-

695 4589 858 4663 dam
913 4610 1053 4662 non
1101 4590 1323 4660 solum
1369 4598 1625 4674 metra,
1663 4588 1794 4661 sed
1845 4611 2123 4684 omnem
2168 4590 2493 4661 carminis
2530 4589 3048 4678 concinnitatem
