3328 5326
724 369 848 431 422
1491 365 1593 427 DE
1624 365 1972 428 MADVIGII
2004 368 2078 428 IN
2086 366 2354 428 TERPR.

722 561 901 631 forte
938 558 1117 631 11000
1155 559 1340 628 illam
1376 558 1775 652 opinionem
1812 557 2194 630 confirmet.
2278 556 2382 629 Ac
2418 557 2588 628 dicit
2621 578 2791 628 sane
2827 558 3090 631 Madvi-

723 663 878 756 gius
922 686 989 756 p.
1025 664 1141 733 69.
1180 661 1343 756 facco
1381 661 1449 731 in
1484 661 1869 733 minitando
1915 672 1988 732 et
2035 660 2402 754 magnifice
2447 661 2919 755 promittendo
2970 683 3093 756 pro

723 767 1016 859 simplici
1070 768 1299 837 futuro
1350 765 1612 837 dixisse
1669 765 2051 857 Virgilium,
2090 765 2449 850 Ovidium,
2498 764 2764 836 Livium
2817 787 3094 858 quoque

722 870 964 953 semel,
1003 879 1074 940 et
1113 869 1368 961 Virgilii
1404 868 1821 939 imitatorem
1860 869 2127 940 Silium:
2180 890 2425 940 verum
2472 867 2547 939 id
2595 868 2854 962 ipsum,
2909 869 3089 961 quod

724 972 1073 1057 addidit„
1081 973 1174 1049 10
1210 972 1593 1065 minitando
1628 983 1702 1043 et
1737 971 2101 1065 magnifice
2132 971 2675 1065 promittend0‚‘G
2712 994 2858 1043 non
2885 972 3095 1044 modo

719 1076 1133 1159 labefactat,
1186 1075 1314 1146 sed
1368 1077 1618 1146 evertit
1666 1076 1850 1146 illam
1888 1076 2216 1169 simplicis
2251 1075 2460 1146 futuri
2497 1074 3094 1191 significationem

718 1178 980 1273 Aperte
1016 1180 1203 1250 enim
1238 1180 1370 1250 ista
1406 1178 1745 1250 minitatio
1783 1189 1854 1249 et
1887 1178 2257 1296 magni-fica
2307 1179 2669 1272 promissio
2706 1179 2778 1248 in
2811 1200 2908 1251 eo
2944 1200 3091 1250 cer-

722 1282 939 1367 nitur,
992 1282 1182 1375 quod
1217 1283 1386 1374 quid
1424 1292 1560 1352 tam
1599 1295 1794 1354 certo
1831 1302 2036 1374 quam
2074 1284 2133 1353 si
2170 1283 2307 1353 iam
2345 1284 2601 1353 factum
2637 1282 2748 1368 sit,
2791 1284 3089 1355 futurum

724 1408 882 1458 esse
919 1385 1323 1471 afffrmatur,
1362 1396 1438 1457 ut
1473 1385 1660 1479 apud
1697 1386 2019 1457 Ovidium
2059 1386 2217 1456 Met.
2251 1386 2393 1455 XII.
2429 1383 2602 1456 594.

1543 1488 1708 1583 famo
1746 1488 1996 1584 triplici
2032 1488 2191 1583 quid
2227 1488 2499 1583 cuspide
2527 1487 2787 1582 possim

1027 1591 1285 1682 sentiat.

717 1696 903 1788 Ergo
940 1695 1117 1766 haec
1155 1716 1295 1766 non
1332 1704 1494 1767 sunt
1520 1697 1751 1767 11111110
1779 1695 2139 1789 simplicia,
2167 1695 2296 1766 sed
2324 1704 2605 1779 exacta3
2645 1715 2858 1786 quam
2887 1694 3094 1787 signi-

716 1797 1117 1871 ficationem
1153 1821 1368 1890 quum
1404 1799 1795 1891 Madvigius
1831 1799 1982 1892 ipse
2032 1799 2659 1891 frequentissimam
2713 1819 2876 1868 esse
2929 1820 3089 1868 con-

715 1900 1017 1988 fiteatur,
1056 1924 1181 1974 cur
1217 1901 1309 1974 ad
1344 1903 1550 1974 aliam
1587 1903 2069 1995 confugiamus
2116 1902 2187 1970 in
2238 1902 2575 1995 exemplis
2624 1902 2831 1994 quale
2883 1901 3092 1972 modo

718 2007 949 2092 attuli,
1004 2006 1287 2098 quando
1333 2006 1512 2077 haec
1558 2028 1840 2099 quoque
1890 2007 2209 2100 exempla
2248 2009 2552 2077 futurum
2588 2015 2921 2077 exactum
2958 2027 3091 2076 non

716 2110 929 2181 modo
967 2109 1363 2197 admittunt,
1403 2110 1531 2181 sed
1567 2111 1969 2203 planissime
2006 2112 2399 2180 testantur?

921 2212 1014 2284 At
1044 2215 1235 2284 enim
1267 2236 1438 2285 vero
1473 2214 1609 2285 alia
1645 2214 1716 2283 in
1754 2224 2076 2307 promptu
2128 2213 2341 2284 habet
2377 2222 2788 2306 argumenta
2822 2213 2932 2283 vir
2967 2213 3094 2283 do-

717 2317 1100 2402 ctissimuS,
1158 2320 1357 2389 cuius
1402 2326 1594 2388 tanta
1644 2317 1770 2389 1011
1804 2318 1874 2386 10
1912 2317 2304 2388 lectitandis
2340 2317 2599 2387 Latinis
2638 2317 3094 2409 scriptoribus

716 2420 1095 2512 diligentia,
1125 2431 1202 2492 ut
1228 2421 1438 2492 etiam
1466 2422 1557 2493 ad
1585 2442 1694 2507 00,
1723 2441 1904 2512 quae
1933 2420 2025 2493 ab
2053 2421 2181 2491 illis
2209 2442 2351 2491 non
2381 2420 2519 2491 sint
2546 2420 2755 2505 dicta,
2787 2420 3094 2491 animum

716 2524 1114 2594 attenderit.
1174 2524 1494 2595 Graviter
1520 2525 1924 2617 vituperans
1960 2545 2108 2609 008,
2148 2525 2265 2616 qui
2291 2523 2734 2618 neglexerint
2760 2524 2853 2595 de
2884 2524 3090 2595 rebus

717 2647 873 2699 cum
922 2627 1055 2697 hac
1101 2629 1512 2719 quaestione
1567 2627 2146 2699 coniunctissimis
2204 2628 2510 2722 cogitare
2565 2628 2805 2699 scribit
2850 2651 2921 2722 p.
2971 2628 3084 2699 70.

717 2731 1075 2823 „vulgaris
1111 2731 1298 2800 enim
1327 2731 1537 2802 futuri
1564 2731 1795 2801 exacti
1822 2734 2047 2802 forma
2077 2733 2268 2824 quod
2296 2754 2337 2804 a
2365 2735 2678 2827 perfecto
2707 2741 2863 2803 orta
2891 2754 3095 2826 prae-

712 2834 898 2904 teriti
933 2833 1511 2927 significationem
1548 2835 1635 2904 ab
1674 2835 1869 2905 initio
1906 2835 1975 2904 in
2014 2857 2092 2907 se
2130 2837 2463 2921 continet,
2494 2835 2923 2907 coniunctivi
2954 2838 3088 2906 101-
3291 2887 3292 2890 ,

711 2959 827 3008 100
862 2938 1025 3010 inde
1065 2938 1379 3009 derivata
1417 2939 1661 3009 transit
1697 2938 2066 3031 aliquando
2103 2940 2195 3010 ad
2231 2942 2451 3011 solam
2499 2948 2571 3008 et
2607 2961 2850 3010 veram
2889 2961 3094 3033 prae—

713 3043 895 3112 teriti
931 3041 1530 3136 significationem,
1567 3042 1761 3134 quod
1796 3042 2117 3134 antiquae
2156 3044 2315 3115 huic
2353 3047 2639 3127 formae,
2678 3043 2844 3135 quia
2881 3042 3090 3114 futuri

711 3147 1042 3240 simplicis
1080 3147 1167 3216 ab
1205 3147 1399 3217 initio
1437 3156 1546 3217 est
1581 3155 1654 3216 et
1688 3146 1779 3217 ad
1816 3146 2044 3239 ipsum
2081 3149 2383 3219 futurum
2419 3156 2749 3217 exactum
2787 3155 3088 3218 tantum-

708 3250 922 3320 modo
959 3249 1311 3335 traducta,
1363 3270 1718 3342 nunquam
1768 3249 2041 3321 accidit.
2126 3250 2346 3321 Nemo
2392 3251 2577 3320 enim
2629 3249 2808 3321 dixit
2860 3270 3090 3342 neque

711 3374 953 3445 quaeso
992 3352 1152 3445 quid
1184 3352 1360 3447 famil
1393 3376 1521 3446 pro
1558 3375 1669 3438 00,
1708 3353 1899 3446 quod
1935 3362 2043 3424 est
2073 3352 2325 3447 fecerit,
2356 3375 2586 3445 neque
2616 3352 2783 3424 adeo
2818 3352 2957 3447 fuit
2986 3376 3087 3422 se-

708 3477 925 3540 verus,
967 3463 1040 3524 ut
1073 3478 1412 3548 nunquam
1447 3456 1743 3541 1111103811,
1782 3480 1907 3550 pro
1945 3478 2059 3541 ec,
2097 3457 2288 3549 quod
2326 3469 2434 3527 est
2471 3456 2793 3527 amarit.“
2872 3459 2948 3527 Ιο
2986 3457 3090 3526 1118

706 3557 932 3651 primo
983 3557 1148 3629 illud
1202 3579 1487 3650 prorsus
1540 3559 1947 3631 incredibile
2002 3570 2142 3646 081,
2198 3571 2273 3631 01
2321 3561 2530 3632 101011
2569 3559 2809 3630 ‘exacti
2842 3559 3084 3653 fecero,

708 3662 900 3753 quod
967 3660 1320 3755 praeteriti
1383 3660 1957 3753 significationem
2025 3664 2114 3734 ab
2181 3664 2372 3734 initio
2435 3664 2505 3733 in
2578 3685 2656 3733 se
2707 3665 3085 3745 contineat,

709 3767 1199 3836 coniunctivus
1237 3764 1606 3856 aliquando
1655 3766 1748 3835 ad
1795 3767 2011 3837 solam
2048 3776 2119 3837 et
2153 3788 2395 3840 veram
2429 3767 2789 3860 praeteriti
2826 3765 3087 3860 signifi-

709 3869 1058 3940 cationem
1105 3877 1446 3953 transeat,
1501 3868 1819 3961 deposita
1866 3870 2134 3941 scilicet
2181 3871 2529 3963 planeque
2565 3870 2839 3941 abiecta
2880 3868 3085 3942 futuri

707 3974 1012 4043 notione.
1096 3974 1199 4044 Ita
1247 3972 1434 4043 enim
1482 3971 1898 4043 coniunctae
1953 3983 2163 4066 atque
2207 3974 2389 4044 inter
2439 3996 2516 4045 se
2554 3995 2785 4045 nexae
2822 3973 3085 4046 suntin

704 4073 922 4168 fecero
974 4076 1337 4171 praeteriti
1385 4085 1456 4146 et
1508 4078 1719 4147 futuri
1768 4077 2126 4163 notiones,
2165 4087 2241 4149 ut
2276 4098 2409 4147 nec
2446 4079 2901 4171 praeteritum
2937 4078 3090 4148 siue

550 4181 1063 4266 p.⁴onotatione
1115 4181 1266 4252 eius
1311 4180 1499 4272 quod
1546 4189 1714 4273 post
1764 4182 2109 4252 actionem
2145 4181 2588 4273 praeteritam
2626 4183 2939 4254 futurum
2976 4181 3082 4261 811,

706 4301 840 4352 000
891 4284 1193 4355 1111010111
1229 4284 1381 4354 sine
1416 4282 1927 4378 significatione
1964 4304 2418 4378 praegressae
2453 4284 2748 4356 actionis
2797 4282 3088 4378 cogitari

706 4385 943 4478 possit.
1003 4385 1257 4471 Quare,
1296 4389 1356 4457 si
1387 4386 1663 4481 fecerim
1700 4388 2183 4460 coniunctivus
2221 4398 2329 4459 est
2378 4390 2592 4460 futuri
2628 4388 2892 4473 exacti,
2938 4406 3078 4456 non

703 4488 925 4581 magis
976 4487 1126 4558 6011
1172 4499 1407 4582 potest
1454 4500 1531 4562 ut
1579 4492 1865 4562 alteram
1920 4491 2214 4562 duarum
2266 4491 2338 4561 in
2389 4513 2475 4562 eo
2520 4493 3070 4564 consociatarum

701 4593 1057 4663 notionum
1097 4592 1387 4675 amittat,
1429 4614 1640 4685 quam
1677 4604 1754 4664 ut
1784 4593 2004 4688 fecero
2031 4615 2360 4686 umquam
2390 4606 2509 4667 aut
2541 4594 2675 4690 feci
2708 4597 2931 4668 solum
2957 4598 3073 4662 aut
