3328 5326
1181 394 1686 457 Tflssocnrrus,
1716 347 1725 364 ⁸
2506 398 2630 462 323

273 613 388 675 τις,
428 588 510 659 δέ
532 614 637 676 τι,
682 590 763 659 δέ
787 612 906 658 τοι
945 587 1304 658 haberent.
1390 586 1659 657 Eadem
1708 587 1781 657 in
1831 588 1911 658 δέ
1936 616 2015 659 τε
2065 590 2414 681 particulis
2453 593 2630 662 ratio
2650 632 2701 685 p.
2718 623 2820 670 975

273 692 686 775 observatur,
727 712 908 783 quae
945 691 1017 760 in
1050 691 1182 782 μέν
1216 717 1321 778 τε,
1366 689 1458 760 de
1494 711 1633 783 qua
1670 689 1938 761 dictum
1974 690 2065 762 ad
2103 713 2168 762 v.
2206 692 2324 763 49.

455 794 532 864 V.
571 792 688 866 64.
719 795 932 886 vulgo
970 794 1335 887 legebatur
1369 795 1639 886 μέμαεν
1675 794 1755 864 δέ
1789 819 1921 885 μιν
1954 794 2386 889 ἑξερέεσθαιε
2442 798 2632 891 quod

274 895 508 988 μεμάει
542 920 703 968 esse
741 897 1076 983 debebat,
1116 898 1248 968 nisi
1286 908 1513 968 ortum
1561 905 1671 967 est
1720 918 1813 967 ex
1859 898 2131 988 μέλλεν.
2229 900 2370 971 Sed
2420 921 2634 994 quum

273 1000 537 1072 codices
592 1001 729 1072 αἰεὶ
780 1001 1112 1097 ἔρεσθαι,
1193 1001 1563 1072 Vaticanus
1624 1010 1858 1072 autem
1917 1003 2186 1094 μέμονε
2236 1006 2631 1097 praeberet,

276 1105 639 1177 Meinekius
691 1105 967 1198 scripsit
1013 1106 1321 1196 μέμονεν
1370 1105 1452 1176 δέ
1491 1130 1621 1196 μιν
1673 1103 1824 1174 αἰὲν
1867 1105 2186 1200 ἐρέσθαι.
2284 1106 2375 1178 At
2425 1109 2635 1179 etiam

270 1209 558 1300 μέμονεν
584 1218 900 1303 tempore
929 1218 1196 1302 peccat.
1256 1208 1411 1278 Duo
1449 1209 1566 1279 alii
1603 1208 1913 1294 codiceS,
1953 1209 2023 1279 in
2058 1210 2313 1301 quibus
2340 1212 2640 1304 μεμοινε

272 1321 393 1397 est,
444 1334 687 1383 veram
759 1314 1173 1406 scripturam
1238 1320 1626 1382 monstrant
1674 1308 1993 1403 μεμόνει.
2100 1312 2276 1383 Nam
2338 1315 2638 1409 imperiti

272 1415 527 1487 scribae
563 1427 671 1487 est
704 1416 1030 1507 με’μοινε,
1071 1417 1190 1508 qui
1226 1417 1368 1486 iota
1397 1416 1487 1485 ad
1514 1416 1781 1508 μέμονε
1809 1437 2018 1509 supra
2046 1417 2378 1510 scriptum
2408 1419 2637 1489 alieno

269 1519 405 1590 loco
440 1521 754 1591 inseruit.

456 1623 535 1693 V.
588 1626 705 1693 66.
791 1623 1032 1693 Rarius
1096 1631 1204 1692 est
1254 1619 1906 1718 ποτιμυθήσασθαι
1963 1644 2124 1694 cum
2177 1624 2415 1695 dativo
2468 1645 2641 1695 con-

271 1727 584 1798 iunctum.
646 1726 787 1797 Sed
824 1728 924 1797 ita
960 1728 1167 1797 etiam
1210 1726 1613 1818 Apollonius
1650 1727 1756 1795 Ill.
1792 1725 1963 1796 934.

460 1831 537 1901 V.
573 1830 693 1902 73.
727 1838 1086 1923 receptum
1124 1851 1219 1899 ex
1245 1828 1451 1901 codd.
1484 1829 1634 1899 Vat.
1674 1830 1847 1900 Flor.
1882 1829 2161 1901 Mediol.
2206 1830 2348 1902 ἀπὸ
2373 1830 2643 1921 χθονὸς

265 1927 475 2003 ἆσσον
514 1933 768 2029 ἀείρων
810 1944 997 2004 recte
1035 1933 1300 2004 dictum
1338 1942 1465 2003 est.
1523 1933 1677 2002 Non
1717 1933 1966 2004 falsum
2012 1943 2244 2005 tamen
2274 1944 2381 2005 est
2407 1935 2643 2027 vulga-

267 2045 398 2106 tum
449 2036 589 2108 ἀπὸ
640 2036 907 2126 χθονὸς
958 2036 1174 2107 ὅσσον
1226 2034 1507 2131 ἀείρων,
1561 2036 1688 2107 sed
1735 2058 1875 2107 non
1916 2048 2108 2108 recte
2146 2059 2186 2108 a
2222 2038 2641 2130 quibusdam

262 2140 694 2233 explicatum.
781 2139 1222 2234 Significatur
1275 2161 1361 2210 eo
1406 2150 1743 2232 quantum
1793 2141 2098 2233 lapidum
2148 2143 2394 2213 tollere
2429 2141 2642 2213 humo

269 2245 577 2335 potuerit.

469 2348 541 2418 V.
592 2348 709 2419 76.
756 2370 968 2438 quum
1007 2348 1220 2439 vulgo
1258 2347 1525 2439 legatur
1561 2344 1945 2418 ὁθούνεκεν
1984 2341 2189 2418 αὖλιν
2225 2347 2479 2443 ἔρυντο
2516 2350 2645 2419 αὐ-

262 2451 386 2521 τοῦ
427 2452 483 2541 ’γ’
542 2453 626 2522 οὐ
676 2444 1103 2546 παρεόντος,
1162 2451 1450 2522 codices
1500 2472 1626 2544 pro
1679 2445 1885 2521 αὖλιν
1934 2451 2199 2521 habent
2249 2454 2440 2540 αἰέν,
2500 2473 2644 2523 non

265 2565 479 2640 recte,
535 2556 594 2624 si
649 2556 1012 2646 sequentia
1063 2564 1367 2625 manent.
1465 2554 1605 2624 Sed
1672 2555 1951 2625 videtur
2015 2555 2200 2626 istud
2256 2554 2407 2626 αἰὲν
2469 2557 2644 2627 alius

266 2659 642 2753 scripturae
691 2660 1064 2752 vestigium
1121 2681 1315 2744 esse,
1368 2681 1550 2752 quae
1606 2659 1732 2731 fuit
1784 2656 2166 2730 ὁθούνεκεν
2204 2658 2357 2731 αἰὲν
2393 2659 2644 2756 ἔρυντο

266 2761 507 2834 αὔλιον
536 2764 622 2833 οὐ
659 2760 1077 2858 παρεόντος.

466 2867 542 2937 V.
578 2869 696 2937 8⁴.
730 2888 873 2936 non
897 2865 1075 2960 ᾔδει,
1110 2866 1235 2937 sed
1265 2865 1418 2960 ᾔδεε
1443 2875 1728 2960 poetam
1756 2866 2120 2959 scripsisse
2147 2875 2338 2960 put0.
2401 2866 2650 2937 Caete-

267 2992 409 3040 rum
481 2969 953 3064 comparanda
1018 2970 1193 3040 haec
1261 2970 1561 3039 Platonis
1621 2969 1712 3039 de
1768 2991 1912 3063 rep.
1956 2970 2031 3039 Il.
2076 2993 2141 3063 p.
2188 2968 2336 3040 376
2392 2966 2471 3039 A.
2531 2972 2645 3040 καὶ

258 3073 503 3162 τοῦτο,
544 3068 633 3169 ἦν
670 3075 728 3143 δ’
772 3071 930 3164 ἐγώ,
974 3076 1049 3142 ἐν
1082 3078 1237 3149 τοῖς
1274 3073 1431 3143 κυσὶ
1469 3068 1806 3164 κατόψει,
1861 3073 1900 3142 ὃ
1937 3074 2055 3142 καὶ
2108 3071 2310 3155 ἄξιον
2354 3066 2649 3162 θαυμά-

264 3200 379 3246 σαι
410 3177 545 3248 τοῧ
579 3175 879 3272 θηρίου.
953 3175 1056 3246 Τὸ
1090 3182 1303 3246 ποῖον
1321 3204 1346 3269 3
1373 3174 1532 3245 Ὅτι
1569 3174 1653 3243 ὃν
1688 3175 1820 3265 μὲν
1852 3175 1940 3244 ἄν
1969 3177 2075 3266 ἴδῃ
2107 3174 2416 3265 ἀγνῶτα,
2450 3178 2647 3263 χαλε-

261 3279 520 3369 παίνει,
584 3280 785 3350 οὐδὲν
834 3279 1049 3350 κακὸν
1099 3278 1641 3374 προπεπονθώς·
1703 3279 1786 3348 ὃν
1839 3280 1904 3347 δ’
1947 3277 2036 3347 ἂν
2070 3270 2460 3372 γνώριμον,
2522 3278 2646 3348 οἷσ-

262 3381 581 3470 πάζεται,
638 3382 768 3454 κᾶν
820 3381 1039 3480 μηδὲν
1084 3378 1372 3453 πώποτε
1417 3383 1528 3453 ὑπ’
1580 3381 1808 3451 αὐτοῦ
1862 3382 2140 3472 ἀγαθὸν
2190 3378 2545 3476 πεπόνθῃ·
2604 3379 2649 3476 ἢ

263 3484 459 3557 οὔπω
492 3487 715 3557 τοῦτο
751 3483 1221 3580 ἐθαύμασας5

469 3591 546 3661 V.
592 3593 711 3661 83.
756 3591 924 3661 mihi
962 3590 1247 3683 quidem
1294 3592 1497 3684 epico
1539 3589 1846 3659 sermoni
1884 3589 2415 3660 convenientior
2449 3586 2653 3658 vide-

261 3701 372 3762 tur
409 3695 695 3787 vulgata
731 3696 1095 3788 scriptura,

416 3797 546 3868 νῦν
582 3797 658 3869 δὲ
689 3796 843 3894 λίην
884 3791 1180 3882 ζάκοτόν
1215 3824 1289 3867 τε
1327 3795 1442 3865 καὶ
1480 3794 1777 3892 ἀρ’ῥηνὲς
1810 3797 2015 3884 γένετ’
2057 3794 2312 3884 αὕτως,

262 3920 475 3990 quam
512 3900 702 3994 quod
740 3923 833 3971 ex
870 3900 1232 3972 codicibus
1270 3899 1536 3970 editum
1574 3907 1684 3968 est
1719 3895 2020 3982 ζάκοτόν
2055 3926 2152 3968 τι.

472 4005 546 4075 V.
585 4003 703 4075 84.
738 4026 993 4075 vereor
1029 4026 1119 4074 ne
1155 4026 1299 4074 non
1336 4012 1529 4073 recte
1571 4004 1839 4095 legatur
1875 3997 1919 4098 ἦ
1956 4008 2077 4097 ῥα,
2111 4002 2227 4071 καὶ
2257 4002 2656 4091 ἐσσυμένως

260 4105 433 4176 ποτὶ
484 4107 774 4178 ταῦλιον
826 4107 977 4191 ἷξον
1030 4104 1296 4196 ἰόντες,
1362 4106 1553 4199 quod
1608 4105 1721 4176 hic
1777 4107 2048 4176 articuli
2099 4127 2268 4175 usus
2333 4104 2654 4175 bucolico

264 4210 551 4299 quidem
588 4213 899 4296 carmini,
938 4232 1080 4281 non
1118 4220 1353 4281 autem
1389 4212 1593 4303 epico
1631 4211 1975 4281 convenit.
2034 4208 2241 4293 Quod
2269 4210 2403 4280 nisi
2433 4209 2653 4291 fallor,

264 4313 362 4381 sic
402 4319 636 4406 potius
673 4317 1050 4408 scripserat
1083 4327 1323 4408 poeta:

420 4413 466 4512 ἦ
501 4427 617 4515 ῥα,
661 4416 815 4509 μάλ’
856 4419 1252 4509 ἐσσυμένως
1289 4417 1362 4488 δὲ
1396 4416 1570 4511 πρὸς
1607 4417 1855 4487 αὔλιον
1896 4416 2046 4499 ἷξον
2083 4413 2337 4493 ἰόντες.

263 4515 422 4588 Non
451 4524 700 4609 mirum
729 4530 837 4592 est
865 4533 1122 4607 autem,
1164 4522 1221 4591 si
1260 4521 1329 4592 id
1366 4529 1710 4591 mutatum
1753 4530 1862 4591 est
1891 4521 1979 4590 ab
2009 4520 2329 4604 librariiS,
2360 4538 2657 4611 quorum

264 4625 487 4694 menti
537 4626 1067 4710 obversaretur,
1121 4625 1312 4717 quod
1366 4626 1728 4718 permultis
1769 4625 1839 4695 in
1875 4625 2162 4695 Homeri
2197 4621 2520 4706 versibus
2560 4620 2661 4689 le-

2155 4742 2248 4805 V2
