3328 5326
682 349 807 411 236
1656 346 2085 409 EURIPIDES.

685 540 946 612 dictum
996 536 1247 632 μυρίαι
1297 536 1499 632 κόραι
1543 539 1822 633 θηρῶσι
1880 541 2164 632 λέκτρον
2214 534 2524 628 τούμόν,
2586 535 3036 627 interpolatori
3252 495 3255 664 ι

683 643 989 715 reddens
1026 642 1323 734 scripsit,

996 747 1079 815 οὐ
1117 746 1259 815 τῶν
1292 742 1535 836 γάμων
1571 750 1768 816 ἕκατι
1805 747 1862 814 δ’
1904 747 2176 841 εἴρηται
2211 744 2402 814 τάδε.

683 851 882 934 Quae
906 872 971 918 v.
990 851 1160 919 968.
1183 858 1569 939 sequuntur
1596 850 1888 941 turpiter
1909 858 2255 941 corrupta,
2280 847 2379 917 sic
2407 843 2834 917 restituenda
2861 853 3041 914 sunt:

989 952 1165 1047 χρῆν
1202 953 1261 1020 δ’
1304 950 1523 1021 αὐτὸν
1560 954 1783 1022 αἰτεῖν
1820 951 2094 1041 τούμὸν
2131 951 2326 1041 ὄνομ’
2366 950 2541 1040 ἐμοῦ
2576 946 2772 1044 πάρα

992 1051 1290 1149 θήραμα
1325 1053 1572 1132 παιδὸς
1613 1057 1765 1151 σῆς,
1805 1052 2445 1150 Κλυταιμνήστρα·
2493 1052 2576 1123 συ
2616 1052 2673 1121 δ’
2716 1053 2784 1122 εἰ

993 1155 1224 1245 λόγοις
1259 1155 1591 1243 ἐπείσθης
1625 1158 1949 1249 θυγατέρ’
1991 1159 2314 1228 ἐκδοῦναι
2349 1154 2576 1242 πόσει,

995 1259 1210 1330 ἔδωκα
1247 1259 1379 1329 τᾶν
1402 1259 1616 1355 ’Έλλη
1626 1286 1764 1329 σιν.

687 1365 1200 1434 Perorationem
1253 1359 1538 1432 Achillis
1588 1387 1646 1431 v.
1699 1364 1869 1434 979.
1920 1364 2392 1434 stultissimam
2443 1382 2599 1432 esse
2658 1380 2867 1430 nemo
2919 1380 3049 1428 non

687 1467 1028 1538 concedet
1079 1465 1505 1536 Marklando.
1600 1467 1671 1536 Si
1725 1468 2091 1538 lacunosos
2133 1487 2375 1536 versus
2422 1487 2549 1557 pro
2602 1485 2732 1535 suo
2784 1464 3050 1555 ingenio

686 1572 1135 1663 interpolator
1172 1569 1503 1661 explevit,
1543 1570 1866 1641 coniiciat
1903 1572 2057 1661 quis
2095 1573 2427 1663 scriptum
2464 1569 2702 1652 fuisse,

996 1674 1131 1744 ἀλλ’
1172 1669 1496 1767 ἡσύχαζε·
1542 1675 1693 1764 φῶς
1729 1672 1856 1762 ἐγώ
1892 1672 2170 1769 πέφηνά
2212 1694 2351 1744 σοι·

1000 1773 1344 1872 σωτήριος
1382 1775 1455 1847 δέ
1493 1774 1621 1846 συν
1656 1782 1857 1853 θεοῖς
1891 1775 2300 1872 γενήσομαι.

892 1879 967 1948 V.
1019 1882 1191 1951 995.
1281 1879 1351 1948 Si
1406 1879 1988 1972 Clytaemnestra,
2026 1886 2122 1950 'ut
2175 1879 2585 1971 interpretes
2640 1886 2913 1970 putant,
2966 1874 3045 1944 de

686 1983 979 2076 nuptiis,
1034 2004 1206 2074 quas
1258 1982 1424 2052 olim
1478 2005 1772 2054 uxorem
1822 1983 2087 2055 ducens
2138 1981 2440 2052 Achilles
2490 1984 2797 2053 facturus
2853 1987 3044 2061 esset,

689 2088 1110 2178 loqueretur,
1150 2086 1387 2157 dicere
1426 2085 1720 2157 deberet
1759 2092 1945 2157 σοῖσι
1981 2089 2350 2178 μέλλουσιν
2385 2083 2665 2176 γάμοις.
2746 2083 2941 2154 Nunc
2985 2083 3047 2150 in

688 2191 1019 2261 librorum
1064 2192 1407 2283 scriptura
1456 2189 1653 2275 dicit,
1701 2191 1960 2260 malum
1996 2189 2319 2283 portendi
2356 2189 2641 2272 Achilli,
2682 2188 2741 2258 si
2779 2208 2902 2280 per
2935 2184 3048 2254 has

687 2315 869 2386 quae
907 2295 1180 2364 futurae
1218 2291 1566 2386 fingantur
1601 2294 1879 2387 nuptias
1916 2303 2157 2387 pereat
2192 2293 2566 2386 Iphigenia.

895 2397 973 2466 V.
1013 2399 1229 2469 1029.
1273 2396 1743 2481 scribendum,

996 2502 1217 2576 καλῶς
1255 2499 1326 2569 δὲ
1361 2501 1815 2593 κρανθέντων
1852 2497 2027 2594 πρὸς
2061 2498 2322 2595 ἡδονὴν
2360 2499 2621 2592 φίλοις,

1003 2601 1120 2673 σοί
1151 2601 1282 2672 τᾶν
1317 2604 1593 2692 γένοιτο
1630 2603 1758 2673 κᾶν
1795 2604 1971 2694 ἐμοῦ
2007 2603 2217 2699 χωρὶς
2253 2600 2444 2674 τάδε.

897 2707 972 2775 V.
1012 2705 1231 2777 1041.
1266 2716 1500 2799 turpes
1531 2707 1744 2775 habet
1771 2728 2123 2791 numerOS,
2154 2728 2286 2776 nec
2313 2706 2485 2784 θεὸς
2512 2705 3050 2799 monosyllabum

690 2820 798 2880 est
831 2820 989 2902 post
1027 2810 1345 2880 vocalem
1381 2811 1710 2895 brevem,
1750 2809 1877 2881 sed
1915 2822 2073 2904 post
2108 2812 2425 2903 longam,
2479 2813 2693 2880 etiam
2730 2819 3050 2902 sequente

692 2915 953 2999 vocali,
1009 2924 1082 2985 ut
1131 2915 1199 2983 in
1244 2913 1491 2984 Oreste
1538 2938 1604 2983 v.
1643 2917 1811 2984 399.
1856 2925 1925 2984 et
1962 2915 2160 2984 Herc.
2199 2916 2324 2985 fur.
2363 2913 2532 2984 346.
2582 2913 2941 3005 utroquue
2984 2911 3048 2978 in

692 3038 1013 3089 caesura:

999 3118 1182 3216 δεινὴ
1219 3119 1352 3214 γάρ
1388 3120 1429 3216 ἡ
1468 3118 1667 3207 θεός,
1713 3123 1846 3192 ἀλλ’
1890 3122 2079 3211 ὅμως
2118 3118 2426 3211 ἰάσιμος·

1000 3216 1287 3318 ἀμαθής
1323 3249 1431 3301 τις
1466 3220 1530 3294 εἶ
1560 3222 1760 3312 θεός,
1805 3225 1847 3320 ἢ
1886 3225 2151 3300 δίκαιος
2189 3225 2315 3294 οὐκ
2350 3224 2544 3315 ἔφυς.

689 3325 1162 3418 Excipiendae
1196 3325 1522 3398 videntur
1559 3327 1740 3399 duae
1787 3328 2039 3399 breves
2075 3328 2350 3397 vocales
2392 3330 2590 3398 unius
2628 3328 2874 3419 longae
2909 3325 3052 3395 vice

692 3432 1097 3522 fungenteS,
1136 3438 1210 3500 ut
1247 3429 1314 3498 in
1356 3452 1643 3501 numero
1692 3430 1951 3501 cretico
1990 3429 2386 3523 Iphigeniae
2423 3457 2480 3502 v,
2521 3434 2739 3501 1305.
2835 3430 3051 3513 Quare

691 3532 1173 3603 scribendum:

1004 3634 1088 3707 σὺ
1128 3636 1219 3723 δ’,
1263 3637 1330 3706 εἰ
1358 3638 1487 3727 μέν
1523 3641 1701 3707 εἰσιν
1736 3635 1927 3724 θεοί,
1972 3636 2237 3714 δίκαιος
2274 3639 2370 3707 ὥν
2408 3635 2612 3733 ἀνὴρ.

897 3740 971 3809 In
1009 3739 1271 3810 chorici
1310 3742 1633 3810 carminis
1672 3741 1935 3831 primae
1963 3741 2433 3834 antistrophae
2464 3740 2654 3812 initio
2683 3761 2824 3809 non
2852 3737 3056 3807 Thes-

570 3863 670 3924 με
693 3844 878 3913 salae
915 3844 1246 3935 virgineS,
1287 3842 1412 3913 sed
1452 3844 1809 3935 praescius
1848 3844 2055 3914 futuri
2092 3857 2466 3916 centaurus
2497 3843 2700 3914 Chiro
2728 3841 3055 3912 Achillem

692 3946 924 4016 lumen
963 3946 1357 4016 Thessaliae
1397 3948 1543 4017 fore
1583 3946 2013 4018 vaticinatur.
2101 3948 2436 4041 Corrupta
2484 3950 2584 4019 sic
2637 3939 3061 4019 restituenda

692 4058 857 4140 puto
894 4072 959 4118 v.
999 4052 1217 4120 1068.
2624 4064 2633 4073 “

1106 4154 1415 4243 ,,με’γα“
1456 4154 1535 4222 δ’·
1560 4153 1952 4241 άνέκλαγεν,
2000 4150 2119 4242 ,,οἷ
2158 4156 2409 4251 Νηρηῒ
2433 4153 2636 4247 κόρα,

1113 4255 1482 4326 Θεσσαλίδι
1516 4253 1756 4349 πάτρᾳ
1791 4258 1966 4345 μέγα
2005 4257 2253 4348 φῶς,“

1311 4356 1567 4447 μάντις
1603 4359 1640 4428 ὁ
1684 4356 1992 4456 φοιβάδα
2027 4361 2310 4449 μοῦσαν

1104 4454 1300 4535 εἰδώς
1343 4456 1822 4550 ,,γεννάσεις“

1318 4562 1602 4652 Χείρων
1640 4561 2106 4654 ἐξονομάζων,
