3328 5326
1292 387 1626 449 HYMNUS.
2525 386 2650 451 347

294 579 512 663 deret,
550 598 877 670 magnam
912 576 1244 670 proderet
1279 579 1444 649 artis
1471 578 1802 649 metricae
1831 577 2259 671 imperitiam.
2290 619 2393 632 ——
2420 579 2497 650 V.
2536 584 2651 651 40.

299 687 413 753 44.
446 681 786 774 asyndeta
824 681 1025 751 facile
1061 681 1524 775 suspicionem
1561 681 1710 751 vitii
1747 683 2089 766 facerent,
2147 682 2272 753 nisi
2327 683 2658 775 Synesius

293 787 488 879 epist.
520 784 716 855 XCV.
753 794 960 876 atque
997 806 1090 855 ex
1125 805 1211 855 eo
1250 784 1499 856 Suidas
1536 786 1606 855 in
1644 785 1950 876 Νέμεσις
1986 793 2056 855 et
2081 782 2220 856 ὑπὸ
2245 784 2473 881 πῆχυν
2499 808 2659 857 ver-

293 909 412 961 sus
449 891 635 958 9-4
661 891 723 957 4.
759 886 1010 958 eodem
1046 887 1257 959 modo
1293 889 1588 982 scriptos
1624 887 2063 981 praeberent.
2101 928 2190 938 —
2223 887 2299 957 V.
2340 889 2454 961 42.
2486 890 2659 959 Bm.-

290 1013 659 1062 mammos
695 984 913 1068 νεύεις
948 992 1009 1061 δ’
1048 990 1187 1061 ὑπὸ
1222 988 1481 1062 κόλπον
1519 988 1749 1086 ὀφρὺν
1783 987 1971 1060 κάτω
1998 1001 2070 1061 et
2098 1013 2158 1060 v.
2198 993 2314 1061 46.
2345 989 2520 1063 θεὸν
2546 1014 2661 1062 re-

288 1093 692 1189 ponendum
745 1114 901 1164 esse
953 1093 1159 1175 vidit,
1215 1095 1341 1165 sed
1377 1116 1446 1165 v.
1484 1097 1600 1165 43.
1633 1115 1776 1164 non
1813 1094 2107 1165 removit
2155 1094 2356 1164 metri
2393 1094 2653 1167 vitium.

289 1239 389 1251 —-
426 1197 505 1267 V.
557 1196 672 1268 47.
713 1219 855 1268 non
893 1206 1180 1291 apparet
1213 1197 1381 1289 quid
1418 1195 1572 1292 νίκη
1622 1196 1751 1267 sibi
1800 1196 1978 1266 velit.
2063 1198 2396 1282 Bonnam,
2451 1219 2661 1289 quem

289 1309 573 1373 secutus
618 1310 727 1371 est
761 1301 1137 1380 Bmmcxms,
1193 1299 1425 1371 Δίκαν
1476 1299 1919 1371 scribendum
1984 1321 2175 1383 esse,
2240 1321 2661 1393 versumque

292 1403 477 1474 hunc
515 1402 761 1474 sedem
800 1425 959 1475 cum
995 1424 1082 1474 eo
1118 1404 1236 1494 qui
1272 1403 1583 1495 sequitur
1609 1412 2037 1474 commutare
2074 1402 2336 1474 debere
2367 1404 2658 1488 censuit,

293 1508 650 1600 eleganter
688 1528 881 1592 sane,
919 1506 1051 1577 nisi
1087 1527 1226 1577 non
1261 1507 1616 1578 videretur
1643 1506 1913 1578 iambus
1942 1507 2010 1576 in
2038 1507 2259 1600 primo
2288 1506 2471 1599 pede
2499 1508 2661 1577 ferri

290 1632 524 1702 posse.
556 1651 660 1661 —
685 1610 762 1680 V.
797 1611 918 1684 20.
950 1609 1139 1702 quod
1165 1610 1667 1682 BELmnuAmms
1696 1609 2016 1695 coniecit,
2047 1609 2404 1701 νεμεσῶσα
2433 1609 2663 1703 φέρεις

289 1712 467 1783 κατὰ
505 1711 894 1808 ταρτάρου,
936 1714 1050 1784 vel
1079 1713 1171 1783 ob
1199 1714 1614 1785 sententiam
1640 1713 1921 1783 minime
1950 1724 2177 1807 aptam
2216 1712 2495 1805 probari
2522 1733 2662 1810 non

287 1825 542 1909 potest.
626 1817 985 1887 Bauncnms
1038 1816 1310 1910 scripsit
1358 1818 1669 1911 ἀφαιρεῖ.
1752 1818 2121 1907 Νεμέσεως
2168 1825 2438 1908 partem
2484 1814 2660 1885 tituli
2696 1867 2702 1873 .

296 1940 455 1990 esse
495 1920 680 1989 clare
716 1927 1055 1990 monstrat
1090 1919 1314 1991 codex
1356 1919 1851 2013 Neapolitanus
1880 1920 2051 1993 259.
2086 1919 2281 1990 cuius
2318 1940 2555 2011 margo
2593 1919 2663 1987 in

295 2021 661 2115 superiore
696 2032 893 2116 parte
922 2023 1214 2116 paginae
1241 2022 1492 2115 ὕμνος,
1525 2022 1596 2092 in
1624 2023 1762 2093 ima
1789 2031 2019 2093 autem
2046 2024 2298 2116 pagina
2327 2024 2663 2114 νεμέσεως

289 2125 527 2196 habet.
581 2125 875 2197 Omnino
913 2136 1142 2197 autem
1178 2126 1396 2218 gratia
1432 2125 1758 2197 habenda
1795 2135 1903 2196 est
1935 2126 2432 2209 ΒΕιιΕιωΑΝΝο,
2473 2125 2661 2217 quod
2679 2151 2780 2212 με

291 2228 516 2322 ipsam
553 2227 874 2300 codicum
912 2229 1380 2314 MonacenSiS‚
1434 2229 1750 2314 Parisini,
1803 2238 1874 2299 et
1920 2228 2215 2300 duorum
2264 2227 2663 2322 Neapolita-

292 2353 546 2404 norum
582 2332 992 2426 scripturam
1030 2342 1352 2404 accurate
1390 2332 1738 2426 depictam
1775 2331 2109 2403 exhibuit.
2193 2332 2266 2402 In
2313 2332 2419 2402 his
2466 2332 2663 2402 codi-

290 2435 493 2507 cibus
539 2436 860 2507 omnibus
913 2436 1208 2529 paginae
1243 2437 1313 2504 in
1351 2435 1526 2508 duas
1561 2445 1796 2529 partes
1834 2434 2267 2529 (typographi
2305 2425 2662 2506 columnas

286 2536 574 2633 vocant)
613 2538 881 2610 divisae
918 2550 1112 2623 sunt,
1164 2560 1456 2632 quarum
1510 2560 1591 2609 ea
1649 2541 1822 2610 ratio
1861 2559 2018 2610 esse
2069 2538 2405 2623 debebat,
2460 2547 2536 2610 ut
2570 2539 2663 2609 de

288 2641 582 2735 singulis
621 2642 933 2739 distichis
971 2644 1146 2715 alter
1180 2663 1425 2715 versus
1463 2642 1528 2713 in
1570 2644 1789 2715 altero
1825 2644 2040 2715 latere
2068 2651 2273 2714 esset.
2336 2642 2474 2713 Sed
2504 2663 2664 2737 per-

290 2748 467 2817 mira
519 2747 588 2816 in
642 2746 1036 2818 exhibendo
1107 2748 1243 2818 hoc
1308 2748 1555 2819 ordine
1616 2758 1689 2818 et
1737 2747 2157 2841 conspiratio
2218 2746 2539 2818 codicum
2593 2756 2665 2816 et

295 2849 765 2943 discrepantia
802 2859 928 2921 est.
986 2850 1160 2920 Eam
1195 2849 1329 2920 hac
1364 2851 1434 2919 in
1473 2850 1702 2921 tabula
1731 2851 1951 2922 oculis
1979 2849 2444 2921 contuendam
2472 2849 2662 2934 dedi,

291 2953 362 3022 in
428 2974 569 3045 qua
631 2954 899 3026 numeri
954 2952 1000 3022 Ι.
1062 2974 1308 3025 versus
1375 2954 1472 3029 εἰς
1523 2953 1883 3044 Μοῦσαν,
1941 2953 2016 3022 Π.
2066 2953 2395 3045 hymnum
2460 2952 2660 3036 Solis,

289 3056 396 3129 111.
440 3055 770 3148 hymnum
806 3058 877 3127 in
913 3054 1237 3127 Nemesin
1276 3053 1686 3148 significant.
