3328 5326
1108 342 1621 407 THUCYDIDES.
2451 345 2576 406 387

220 541 559 633 ξυμφέρον
611 540 831 628 λέγειν
887 534 1266 630 ὑπέθεσθε)
1330 533 1427 630 μὴ
1495 530 1873 605 καταλύειν
1923 535 2110 624 ὑμᾶς
2178 536 2265 607 τὸ
2335 540 2579 611 κοινὸν

220 639 506 734 ἀγαθόν,
548 640 725 714 ἀλλὰ
754 642 854 733 τῷ
894 640 1003 710 ἀεὶ
1038 643 1112 711 ἐν
1164 634 1465 730 κινδύνῳ
1509 638 1894 729 γιγνομένῳ
1941 633 2125 708 εἶναι
2167 639 2259 711 τά
2304 638 2570 733 εἰκότα,
2597 663 2763 720 nav
2853 704 2857 709 .

218 744 328 817 καί
370 773 443 817 τι
487 746 605 816 καὶ
647 743 851 821 ἐντὸς
896 745 1031 813 τοῦ
1083 742 1421 836 ἀκριβοῦς
1469 737 1811 811 πείσοντά
1861 767 2025 811 τινα
2085 743 2568 841 ὠφεληθῆναι.

221 849 600 943 Interpretis
652 858 759 919 est
809 846 998 940 quod
1035 857 1194 940 post
1228 844 1324 916 τὰ
1354 841 1597 917 εἰκότα
1631 844 1970 914 insertum
2004 856 2157 916 erat
2192 846 2426 919 δίκαια
2465 852 2578 920 vel

214 952 318 1024 καὶ
353 951 613 1042 δίκαια,
656 949 1048 1023 cuiusmodi
1083 948 1587 1044 explicationes
1623 969 1764 1019 non
1819 968 2086 1040 paucae
2123 949 2192 1019 in
2232 950 2579 1046 Thucydi-

211 1057 311 1127 dis
344 1056 628 1128 historia
663 1055 1128 1126 inveniuntur.
1211 1054 1520 1137 Quarum
1571 1051 1664 1122 de
1700 1051 2120 1144 quibusdam
2158 1055 2413 1148 ambigi
2452 1078 2581 1148 po-

215 1168 359 1245 test,
398 1170 471 1231 ut
503 1161 554 1229 Ι.
592 1162 711 1230 40.
744 1160 865 1230 ubi
901 1158 993 1229 de
1030 1158 1332 1228 Homero
1371 1166 1511 1226 est:
1572 1156 1947 1249 αὐτερέται
1984 1155 2057 1226 δὲ
2095 1156 2207 1227 ὅτι
2241 1152 2425 1252 ἦσαν
2461 1161 2577 1230 καί

209 1260 500 1354 μάχιμοι
535 1259 796 1339 πάντες
832 1266 906 1334 ἐν
932 1266 1091 1339 ταῖς
1125 1256 1571 1356 Φιλοκτήτου
1600 1258 1810 1329 ναυσὶ
1839 1256 2199 1355 δεδήλωκε.
2252 1258 2581 1354 [τοξότας

208 1365 328 1460 γὰρ
362 1363 636 1443 πάντας
671 1364 1002 1461 πεποίηκε
1038 1363 1207 1442 τοὺς
1243 1360 1727 1458 προςκοόπους]
1773 1371 1844 1434 et
1896 1363 1942 1431 Ι.
1998 1365 2113 1433 43.
2160 1363 2279 1434 ubi
2316 1365 2407 1436 de
2446 1367 2581 1437 Co-

213 1468 494 1540 rinthiis:
578 1466 895 1564 χρήμασί
948 1495 1024 1539 τε
1077 1466 1372 1539 δυνατοὶ
1426 1463 1651 1563 ἦσαν,
1723 1467 1815 1543 ὡς
1868 1466 1987 1536 καὶ
2040 1471 2195 1544 τοῖς
2248 1473 2580 1547 παλαιοῖς

209 1579 523 1668 ποιηταῖς
570 1569 978 1668 δεδήλωται·
1044 1568 1366 1665 [ἀφνειὸν
1411 1568 1543 1664 γὰρ
1600 1564 2076 1660 ἐπωνόμασαν
2120 1569 2207 1640 τὸ
2249 1571 2571 1668 χωρίον].

212 1675 367 1747 Nam
402 1677 536 1747 etsi
572 1676 741 1746 nihil
778 1675 1207 1769 impediebat
1243 1673 1408 1745 addi
1445 1694 1625 1765 quae
1662 1672 1932 1744 uncinis
1969 1676 2305 1766 separavi,
2350 1688 2578 1747 tamen

210 1778 294 1850 ita
328 1780 682 1873 cognitum
720 1801 877 1850 esse
916 1779 1185 1850 sciebat
1220 1777 1671 1872 popularibus
1709 1777 1852 1848 suis
1890 1777 2307 1865 Homerum,
2347 1791 2423 1851 ut
2460 1804 2580 1851 ca-

212 1905 351 1955 rere
386 1884 535 1955 istis
575 1883 1139 1954 adnotationibus
1176 1893 1485 1975 possent.

396 1988 569 2060 Cum
606 1990 754 2057 fere
790 2009 1000 2081 quam
1038 1996 1268 2079 potest
1302 1984 1718 2055 brevissime
1747 1984 2029 2070 scribat,
2060 2008 2191 2056 nec
2221 1987 2360 2057 iam
2389 1986 2576 2057 dicta

203 2091 410 2162 soleat
444 2101 792 2185 repetere,
823 2090 1082 2161 rectius
1119 2111 1197 2159 se
1233 2089 1520 2159 habebit
1556 2088 1849 2160 seclusis
1886 2111 2068 2180 quae
2098 2090 2388 2182 repetita
2416 2104 2578 2162 sunt

207 2194 268 2262 in
299 2194 401 2266 his
436 2198 484 2265 I.
543 2199 658 2265 Μ.
702 2195 820 2266 ubi
867 2217 1008 2265 non
1060 2215 1340 2265 omnem
1389 2191 1819 2262 Graecorum
1874 2193 2261 2265 exercitum
2298 2215 2578 2288 semper

203 2296 286 2367 ad
332 2294 608 2370 Troiam
654 2298 926 2369 sedisse
975 2298 1218 2369 docet:
1279 2297 1517 2368 αἴτιον
1554 2296 1613 2364 δ’
1653 2290 1742 2390 ἦν
1795 2297 1999 2392 ούχῆ
2041 2298 2573 2392 ὀλιγανθρωπία

209 2404 546 2473 τοσοῦτον
593 2402 764 2473 ὅσον
807 2403 847 2498 ἡ
895 2398 1330 2497 ἀχρηματία.
1388 2400 1515 2494 τῆς
1551 2396 1683 2492 γὰρ
1722 2400 1996 2495 τροφῆς
2033 2399 2299 2496 ἀπορίᾳ
2334 2397 2464 2472 τόν
2500 2431 2579 2474 τε

203 2505 496 2600 στρατὸν
533 2503 805 2577 ἐλάσσω
831 2504 1094 2601 ἤγαγον
1122 2502 1240 2575 καὶ
1269 2503 1440 2573 ὅσον
1467 2501 1755 2597 ἤλπιζον
1785 2499 2101 2574 αὐτόθεν
2130 2506 2575 2595 πολεμοῦντα

200 2608 609 2700 βιοτεύσειν,
653 2607 888 2706 ἐπειδή
925 2636 1004 2680 τε
1041 2604 1464 2703 ἀφικόμενοι
1498 2603 1687 2700 μάχῃ
1727 2604 2154 2704 ἐκράτησαν,
2200 2606 2434 2705 (δῆλον
2472 2612 2570 2683 δέ·

206 2711 277 2782 τὸ
323 2713 452 2810 γὰρ
509 2715 740 2808 ἔρυμα
787 2716 889 2805 τῷ
943 2713 1225 2807 στρατῷ
1266 2713 1392 2781 οὐκ
1431 2710 1518 2780 ἀν
1553 2711 2015 2806 ἐτειχίσαντο)
2066 2711 2454 2805 φαίνονται
2508 2718 2573 2785 δ’

209 2819 338 2887 οὐδ’
379 2819 708 2889 ἐνταῦθα
742 2815 928 2911 πάσῃ
969 2817 1057 2911 τῇ
1096 2813 1391 2906 δυνάμει
1425 2812 1899 2908 χρησάμενοι,
1945 2815 2117 2885 ἀλλά
2154 2813 2331 2909 πρὸς
2364 2845 2578 2912 γεωρ-

204 2919 345 3008 γίαν
396 2922 524 3019 τῆς
581 2918 1052 3015 Χερσονήσου
1105 2915 1546 3015 τραπόμενοι
1599 2919 1715 2986 καὶ
1759 2917 2084 3011 λῃστείαν
2137 2921 2265 3013 τῆς
2302 2925 2578 3016 τροφῆς

206 3023 478 3119 ἀπορίᾳ.
524 3021 572 3118 ᾗ
605 3025 728 3094 ’καὶ
764 3025 1033 3115 μᾶλλον
1075 3027 1141 3092 οἱ
1190 3021 1424 3115 Τρῶες
1460 3020 1699 3089 αὐτῶν
1738 3022 2267 3114 διεσπαρμένων
2293 3023 2387 3093 τά
2416 3024 2574 3094 δέκα

209 3125 313 3224 ἔτη
364 3130 691 3215 ἀντεῖχον
735 3126 895 3218 βία,
945 3132 1100 3203 τοῖς
1155 3124 1261 3195 ἀεὶ
1307 3124 1894 3211 ὑπολειπομένοις
1930 3121 2309 3195 ἀντίπαλοι
2345 3124 2570 3203 ὄντες.

205 3231 611 3325 περιουσίαν
648 3230 721 3301 δὲ
756 3231 825 3300 εἰ
853 3224 1103 3383 ἦλθονξ
1120 3229 1393 3317 ἔχοντες
1429 3225 1703 3319 τροφῆς
1739 3225 1856 3296 καὶ
1896 3225 2094 3303 ὄντες
2123 3225 2386 3322 ἀθρόοι
2416 3229 2578 3300 ἄνευ

204 3334 513 3426 λῃστείας
555 3334 674 3405 καὶ
700 3332 1034 3427 γεωργίας
1071 3331 1365 3420 ξυνεχῶς
1400 3327 1529 3399 τὸν
1574 3326 1887 3421 πόλεμον
1924 3330 2279 3424 διέφερον,
2323 3332 2581 3428 ρᾳδίως

210 3437 288 3507 ἄν
319 3436 507 3533 μάχῃ
551 3436 1003 3533 κρατοῦντες,
1055 3434 1295 3530 [ειλον
1343 3440 1518 3523 οἵγε
1556 3433 1673 3502 καὶ
1715 3433 1838 3504 οὐκ
1878 3430 2181 3529 ἀθρόοι,
2243 3435 2411 3507 ἀλλὰ
2457 3440 2578 3527 με’-

207 3564 302 3663 ρει
326 3543 424 3634 τῷ
455 3542 567 3612 ἀεὶ
594 3538 898 3635 παρόντι
940 3536 1289 3633 ἀντεῖχον]
1324 3534 1699 3631 πολιορκίᾳ
1726 3538 1786 3606 ὁ
1821 3537 1908 3608 ἀν
1936 3537 2583 3634 προςκαθεζόμενοι

201 3647 270 3714 ἐν
303 3643 637 3716 ἐλάσσονί
667 3671 744 3715 τε
779 3640 1006 3738 χρόνω
1043 3669 1160 3714 και
1198 3637 1648 3735 ἀπονώτερον
1685 3668 1816 3738 την
1863 3640 2132 3736 Τροίαν
2161 3641 2374 3714 εἶλον.
2437 3643 2584 3714 Me-

206 3749 534 3820 morabile
572 3758 679 3818 est
714 3746 903 3839 quod
942 3746 1033 3817 de
1068 3746 1451 3817 munitione
1492 3753 1878 3817 castrorum
1925 3745 2112 3817 dicit.
2197 3747 2375 3817 Nam
2422 3769 2581 3820 cum

208 3852 342 3923 fere
379 3853 759 3923 Homerum
796 3861 1151 3942 sequatur,
1191 3849 1346 3941 quis
1386 3869 1548 3920 eum
1583 3871 1727 3919 non
1771 3860 1892 3920 aut
1928 3849 2113 3922 illum
2154 3872 2452 3935 murum,
2491 3852 2581 3923 de

208 3976 334 4045 quo
370 3955 561 4050 apud
598 3955 975 4026 Homerum
1013 3964 1144 4038 est,
1182 3953 1443 4037 dicere,
1476 3964 1617 4037 aut,
1655 3953 1717 4023 si
1752 3954 1985 4037 alium,
2017 3953 2087 4023 id
2118 3953 2580 4026 indicaturum

207 4057 410 4131 fuisse
461 4059 756 4130 credat?
806 4068 882 4129 ut
917 4057 1220 4129 dubitari
1253 4057 1505 4150 possit,
1548 4076 1640 4125 an
1675 4056 1747 4126 in
1781 4078 1909 4127 sua
1946 4055 2156 4126 Iliade
2194 4057 2453 4148 aliquid
2491 4060 2580 4131 de

208 4161 684 4234 aedificatione
719 4161 901 4232 muri
936 4161 1201 4253 legerit.
1273 4159 1697 4230 Scholiastes
1733 4183 1884 4230 rem
1921 4159 2325 4231 coniectura
2362 4185 2584 4257 expe-

210 4261 332 4334 dit:
365 4266 596 4362 ἔρυμα
629 4265 805 4355 λε’γει
842 4265 973 4335 νῦν
1008 4266 1135 4353 οὐχ
1167 4264 1336 4359 ὅπερ
1373 4268 1449 4333 ἐν
1476 4263 1565 4356 τῇ
1592 4261 1656 4359 η’
1686 4264 2190 4360 λε’γειὍμηρος
2215 4269 2576 4358 γενέσθαι,

205 4366 368 4439 ἀλλὰ
402 4366 755 4464 πρότερον
791 4367 1217 4463 μικρότερον
1254 4365 1372 4438 διὰ
1406 4366 1536 4443 τὰς
1572 4368 1717 4437 τῶν
1741 4364 2124 4461 βαρβάρων
2161 4368 2573 4464 ἐπιδρομάς.

210 4468 433 4544 Potest
470 4472 543 4543 id
580 4483 811 4544 tamen
847 4493 1093 4544 verum
1130 4492 1323 4556 esse,
1365 4469 1644 4563 quando
1684 4470 1894 4541 etiam
1932 4469 2345 4544 Chersonesi
2385 4496 2584 4542 men-

207 4573 295 4645 tio
324 4597 414 4647 ex
440 4576 780 4671 scriptore
810 4577 1078 4670 cyclico
1106 4584 1380 4669 sumpta
1409 4574 1707 4646 videtur.
1769 4574 1881 4644 Sic
1912 4575 2094 4645 enim
2125 4577 2217 4647 de
2244 4576 2581 4649 Diomede

2077 4697 2166 4757 ΖΞ
