3328 5326
1140 387 1623 452 AESCHYLUS.
2466 388 2587 450 149

224 577 623 664 introduxit,
688 579 850 671 quia
911 589 983 652 et
1046 578 1376 652 liberator
1429 578 1821 658 Promethei
1874 578 2210 650 Hercules
2274 600 2367 652 ex
2435 581 2586 652 eius

221 682 497 774 posteris
535 683 914 756 exstiturus
951 693 1162 767 esset,
1201 693 1273 754 et
1308 683 1442 754 alio
1479 683 1806 775 exemplo
1844 681 2203 754 saevitiam
2240 683 2421 756 lovis
2460 706 2586 756 vo-

224 785 387 858 lebat
434 784 820 858 declarare.
896 786 1070 860 Eam
1106 787 1197 858 ab
1232 788 1401 860 Iove
1436 797 1761 871 amatam,
1802 786 1891 857 ab
1928 787 2192 858 lunone
2243 796 2476 860 autem
2515 788 2583 858 in

221 909 484 960 vaccam
516 900 852 964 mutatam
879 893 1299 983 oculatoque
1328 890 1605 964 custodi
1631 890 1821 982 Argo
1852 889 2199 975 traditam,
2229 912 2583 983 quumque

225 993 269 1062 is
301 993 751 1086 interemptus
789 1004 1007 1080 esset,
1064 1005 1300 1068 oestro
1349 993 1687 1088 percitam
1738 994 1983 1065 orbem
2031 1004 2372 1068 terrarum
2425 1016 2586 1087 per-

222 1117 516 1187 agrasse,
558 1096 787 1168 donec
824 1098 894 1167 in
928 1097 1249 1191 Aegypto
1295 1097 1588 1191 gravida
1638 1098 1727 1169 ab
1775 1097 1935 1170 love
1985 1099 2171 1170 facta
2207 1097 2584 1172 humanam

224 1201 488 1272 formam
533 1212 1055 1294 recuperasset,
1112 1212 1388 1273 veteres
1439 1202 1719 1274 fabulae
1771 1211 2357 1273 memoraverant.
2461 1202 2584 1272 His

218 1324 475 1395 quoque
530 1305 741 1376 rebus
779 1304 1304 1378 Schoemannus
1355 1304 1709 1378 substituit
1758 1326 1941 1397 quae
1993 1305 2280 1397 antiquo
2333 1317 2582 1397 poetae

220 1416 389 1477 certo
440 1429 581 1480 non
635 1409 704 1478 in
757 1419 1064 1482 mentem
1112 1420 1475 1482 venerunt.
1566 1410 1740 1482 Nam
1792 1408 1981 1501 quod
2037 1407 2264 1501 fingit,
2316 1409 2579 1488 Iovem,

218 1532 402 1600 quem
448 1512 1030 1604 perfectissimum
1078 1523 1149 1582 et
1195 1513 1711 1586 sanctissimum
1745 1512 1970 1583 Deum
2009 1533 2168 1582 esse
2204 1513 2468 1597 statuit,
2505 1525 2582 1586 ut

222 1612 569 1686 humanum
633 1637 857 1708 genus
910 1616 1003 1688 ad
1054 1615 1570 1689 similitudinem
1627 1638 1789 1689 cum
1837 1615 1971 1687 diis
2020 1616 2432 1700 extolleret,
2488 1638 2581 1688 ex

222 1717 598 1791 mortalibus
630 1720 909 1792 feminis
946 1718 1125 1792 filios
1163 1720 1230 1792 in
1266 1720 1517 1812 quibus
1545 1719 1846 1792 humana
1878 1730 2123 1792 natura
2152 1742 2312 1791 cum
2339 1718 2581 1792 divina

223 1822 564 1894 coniuncta
629 1833 820 1896 esset
872 1823 1177 1896 voluisse
1229 1845 1634 1917 procreare,
1693 1824 1762 1893 id
1815 1845 2046 1916 neque
2096 1834 2383 1894 auctore
2439 1825 2579 1898 ullo

220 1933 521 1998 testatum
570 1938 713 2010 est,
767 1948 900 1997 nec
953 1948 1029 1996 re
1082 1922 1647 2021 comprobatum,
1703 1927 1832 1999 sed
1869 1927 1927 1996 si
1963 1927 2118 2019 quis
2155 1926 2366 1998 homo
2405 1927 2577 2000 alios

224 2027 450 2100 virtute
503 2031 788 2104 multum
842 2031 1329 2116 antecelleret,
1388 2032 1446 2102 is
1500 2030 1870 2103 videbatur
1926 2031 2016 2102 ab
2060 2029 2199 2101 deo
2240 2031 2578 2123 originem

220 2128 477 2218 ducere,
519 2143 591 2206 ut
628 2133 1031 2206 Tantalidae
1072 2134 1185 2219 illi,

1016 2243 1086 2308 oi
1120 2240 1314 2309 θεῶν
1351 2236 1797 2331 nimiamque,

601 2345 669 2410 οἱ
708 2340 943 2435 Ζηνὸς
976 2338 1201 2430 ἐγγύς,
1242 2340 1351 2418 οἶς
1385 2346 1461 2414 ἐν
1493 2340 1721 2432 Ἰδαίῳ
1759 2337 1952 2432 πάγῳ

600 2442 784 2520 Διὸς
819 2442 1153 2538 πατρῴου
1189 2442 1432 2535 βωμός
1466 2444 1600 2518 ἐστ’
1641 2448 1718 2515 ἐν
1753 2445 2024 2539 αἰθέρι,

599 2543 836 2618 κοῦπω
877 2572 1045 2638 σφιν
1082 2545 1398 2643 ἐξίτηλον
1434 2547 1613 2639 αἰζιια
1649 2544 2039 2637 δαιμόνων.

221 2644 412 2723 Affert
463 2649 749 2743 quidem
798 2659 871 2721 et
915 2649 1201 2722 Hesiodi
1252 2651 1322 2722 in
1375 2651 1588 2723 Scuto
1633 2673 1699 2722 v.
1735 2652 1857 2723 29.
1902 2660 1973 2722 et
2023 2649 2307 2723 Diodori
2362 2650 2574 2725 Siculi

224 2750 312 2821 IV.
353 2755 416 2823 9.
466 2754 891 2837 testimonia,
946 2755 1066 2847 qui
1115 2756 1351 2826 Iovem
1405 2777 1550 2826 non
1612 2765 1755 2827 tam
1817 2754 2119 2827 lihidinis
2179 2755 2575 2848 explendae

224 2874 479 2942 caussa,
525 2879 736 2950 qnam
792 2868 866 2929 ut
903 2858 1268 2930 Herculem
1324 2870 1766 2952 procrearet,
1818 2881 1979 2931 cum
2015 2858 2355 2933 Alcmena
2402 2881 2572 2929 con-

223 2979 506 3048 gressum
573 2961 897 3032 dixerint.
1034 2963 1251 3035 Sane:
1319 2974 1391 3033 et
1454 2961 1802 3035 Diodorus
1863 2961 2146 3054 quidem
2218 2962 2408 3054 quod
2479 2985 2574 3037 ex

223 3062 678 3155 antiquissimis
726 3065 954 3159 poetis
1002 3067 1243 3147 1¹,efert
1282 3063 1595 3137 καθόλου
1633 3065 1764 3161 τὴν
1802 3063 2086 3155 ὁμιλίαν
2122 3062 2394 3161 ταύτην
2444 3067 2572 3136 οὐκ

220 3166 514 3263 ἐρωτικῆς
578 3166 968 3290 ἐπιτένμιάς
1030 3172 1223 3239 ἕνεκα
1294 3166 1778 3264 ποιήσασθαι,
1854 3163 2178 3261 καθαπερ
2249 3168 2362 3243 ἐπὶ
2426 3171 2571 3239 τῶν

223 3264 412 3339 ἄλλων
440 3272 819 3361 γυναικῶν,
851 3271 1021 3343 ἀλλὰ
1047 3271 1131 3343 τὸ
1159 3276 1396 3345 πλεῖον
1422 3273 1549 3367 τῆς
1575 3273 2028 3348 παιδοποιΐας
2055 3296 2294 3365 χαριν,
2327 3282 2570 3366 aperte

226 3366 328 3439 id
311 3394 521 3465 lpsum
557 3385 688 3461 est,
727 3374 920 3468 quod
958 3375 1023 3444 ei
1061 3375 1405 3449 Hesiodus
1441 3373 2042 3468 suppeditaverat:

802 3478 1035 3574 πατὴρ
1073 3481 1132 3551 ὁ
1175 3479 1450 3574 ἀνδρῶν
1485 3506 1564 3549 τε
1597 3478 1790 3549 θεῶν
1824 3504 1904 3547 τε

393 3581 600 3678 ἄλλην
634 3583 851 3678 μῆτιν
885 3581 1138 3676 ὕφαινε
1176 3581 1358 3673 μετὰ
1396 3581 1675 3677 φρεσίν,
1720 3580 1912 3676 ὄφρα
1943 3587 2227 3654 θεοῖσιν

393 3681 686 3780 ἀνδράσι
719 3712 764 3755 τ
817 3686 1258 3781 ἀλφηστῇσιν
1294 3685 1469 3781 ἀρῆς
1502 3684 1816 3780 ἀλκτῆρα
1851 3680 2227 3779 φυτεύσαι.

393 3782 572 3882 ὦρτο
609 3788 671 3858 (Υ
714 3788 825 3861 ἀπ’
875 3784 1291 3880 Οὐλύμποιο
1328 3785 1534 3859 δόλον
1573 3787 1780 3882 φρεσὶ
1816 3782 2391 3881 βυσσοδομεύων,

392 3888 674 3985 ἱμείρων
711 3886 1094 3987 φιλότητος
1126 3889 1463 3981 ἐυζώνοιο
1493 3885 1852 3982 γυναικός,

390 3987 723 4083 ἐννύχιος.

224 4086 290 4160 At
331 4096 654 4189 numquid
704 4096 818 4168 hic
868 4097 959 4167 de
998 4118 1271 4191 genere
1324 4097 1628 4175 humano
1676 4098 1768 4169 ad
1817 4096 1998 4173 deos
2046 4096 2456 4184 evehendo,
2495 4111 2566 4171 et
2691 4100 2700 4123 '

222 4212 334 4264 uon
365 4198 448 4269 de
478 4200 834 4294 gignendo
870 4184 1165 4273 deorum
1215 4211 1425 4317 atque
1475 4201 1840 4275 hominum
1885 4212 2405 4295 propugnatore
2457 4203 2568 4273 di-

225 4305 379 4373 ctum
403 4305 549 4374 est?
586 4304 725 4381 Sed
752 4304 1109 4379 videamus
1136 4325 1276 4397 qua
1304 4305 1418 4375 via
1440 4305 1967 4383 Schoemannus
1996 4305 2089 4379 ad
2116 4306 2320 4401 istam
2351 4307 2567 4379 inter-

227 4406 640 4487 pretationem
666 4405 1088 4503 pervenerit.
1127 4409 1469 4481 Alcmena
1491 4409 1561 4481 ei
1586 4409 1859 4484 videtur
1884 4409 2121 4481 volens
2148 4411 2256 4485 sui
2286 4411 2561 4504 copiam

226 4500 439 4578 fecisse
490 4510 799 4594 lovi,10
862 4520 1129 4596 autem,
1195 4512 1386 4606 quod
1448 4513 1787 4587 reluctata
1842 4514 1993 4587 eius
2044 4515 2266 4586 amori
2332 4514 2559 4589 fuerit,

230 4624 452 4693 poenas
484 4613 759 4689 dedisse
798 4616 1019 4709 longis
1056 4637 1183 4707 per
1218 4615 1465 4687 orbem
1516 4627 1859 4691 terrarum
1910 4617 2285 4693 erroribus
2369 4616 2558 4689 Haec
