3328 5326
1102 382 1711 449 ARISTOPHANES.
2470 392 2594 454 293

255 576 370 669 τῆς
425 570 546 644 οὖν
598 572 908 670 κιθάρας
969 575 1210 670 ἄρσενι
1270 578 1408 669 βοᾷ
1469 576 1768 668 δοκίμου
1830 577 2043 673 οὔσης
2105 581 2253 672 φῶς
2313 581 2592 652 ἔσσυτο.

262 673 477 771 (Diese
538 679 777 749 Worte
830 678 949 750 hat
1001 679 1117 748 Hr.
1173 680 1254 749 Ε.
1309 701 1485 772 ganz
1538 680 2133 752 missverstanden
2153 735 2171 767 ‚
2237 682 2472 754 indem
2524 706 2602 755 et·

255 781 548 873 glaubte‚
605 781 732 853 der
783 781 1127 854 Scholiast
1174 783 1357 854 habe
1411 780 1708 875 δόκιμον
1758 785 2042 877 gelesen
2094 785 2237 857 und
2289 786 2588 882 erklart.)

254 881 472 974 ἐπάγει
508 884 580 955 δὲ
618 890 907 981 σημεῖον
943 887 1075 956 τοῦ
1110 885 1303 982 παρὰ
1320 883 1757 965 Ἀπόλλωνος
1791 890 2134 975 λελέχθαι.
2178 889 2343 959 Hier
2367 891 2602 982 glaubt

254 1007 322 1057 er
362 987 553 1082 παρὰ
608 990 708 1059 sei
768 1009 893 1060 aus
947 986 1262 1083 κιθάραν
1318 983 1735 1061 verdorben.
1842 989 2034 1061 Aber
2078 991 2429 1064 Fritzsche
2484 993 2602 1064 hat

252 1090 453 1161 schon
494 1091 745 1185 richtig
787 1093 947 1187 περὶ
992 1092 1412 1186 hergestellt.
1513 1093 1627 1163 Hr.
1669 1094 1748 1163 Ε.
1790 1093 1910 1163 hat
1958 1093 2071 1164 die
2118 1116 2340 1188 ganze
2393 1096 2602 1167 Stelle

255 1193 367 1263 des
418 1194 735 1266 Dichters
796 1195 990 1265 nicht
1047 1196 1508 1280 verstanden‚
1572 1197 1711 1266 wie
1774 1197 1923 1267 sich
1987 1198 2295 1290 segleich
2360 1200 2599 1291 zeigen

253 1297 432 1368 wird.
506 1299 707 1369 Denn
745 1298 860 1369 die
896 1299 1126 1391 gleich
1167 1299 1538 1393 folgenden
1577 1301 1815 1371 Worte
1851 1299 2043 1394 giebt
2078 1322 2157 1371 er
2192 1322 2302 1371 so:

541 1403 634 1494 τᾷ
673 1398 859 1494 φάος
894 1402 1147 1473 ἔσσυτο
1182 1402 1584 1494 δαιμονίοις
1617 1404 1702 1473 τέ
1736 1429 1866 1474 σου
1903 1403 2220 1495 ὄμμασιν

541 1478 888 1628 ἡμετέρας
922 1532 999 1576 τε
1034 1508 1115 1576 δι’
1158 1506 1522 1599 αἰφνιδίου
1560 1504 1759 1584 ὀπός.
1805 1503 1903 1576 ὦν
1937 1504 2148 1601 χάριν

546 1608 779 1679 ἄνακτ’
822 1608 1067 1698 ἄγαλλε
1109 1612 1403 1700 Φοῖβον.

253 1708 365 1778 Die
399 1711 642 1782 Lesan
685 1711 813 1782 der
849 1712 1383 1783 Handschriften
1420 1714 1543 1784 ist:
1598 1713 1690 1805 τᾷ
1742 1714 1891 1805 φῶς
1926 1712 2175 1784 ἔσσυτο
2213 1711 2611 1805 δαιμονίοις

250 1810 580 1904 ὄμμασιν.
667 1814 783 1886 Ich
835 1814 1026 1886 hatte
1063 1815 1463 1906 δαιμονίοις
1499 1812 1879 1906 στόμασιν,
1922 1816 2088 1900 und,
2129 1816 2317 1887 diess
2345 1816 2606 1907 jedoch

252 1915 424 1986 nicht
477 1918 760 2011 richtig‚
815 1920 897 1988 δι’
957 1917 1303 2010 ἀμφιδίου
1349 1919 1519 1997 ὀπὸς
1570 1918 1983 1991 vermuthet.
2068 1920 2399 2012 Dagegen
2454 1930 2607 2012 sagt

252 2018 352 2088 Hr.
382 2019 494 2089 E.:
560 2018 696 2092 Sed
730 2020 988 2092 tametsi
1023 2021 1256 2116 neqan‘
1289 2021 1534 2116 nequit,
1572 2021 1632 2092 si
1662 2020 1973 2113 στόμασι
2000 2021 2276 2117 leqatur‚
2308 2030 2459 2118 apte
2485 2020 2608 2093 hoc

253 2121 334 2191 ad
356 2132 589 2217 poetae
628 2123 711 2195 ab
748 2123 1104 2195 scholiasta
1139 2123 1378 2217 referri
1406 2123 1732 2218 potuisse,
1786 2133 2004 2195 tamen
2041 2126 2439 2217 δαιμονίοις
2475 2125 2608 2216 ὅμ-

253 2252 419 2314 μασι
455 2251 712 2322 quoque
751 2227 832 2297 de
869 2226 1183 2298 divinitus
1216 2225 1616 2321 sulqentibus
1651 2226 1883 2312 oculis,
1924 2227 1996 2297 id
2031 2236 2146 2313 est,
2187 2227 2267 2299 de
2296 2226 2607 2299 divinitus

249 2326 528 2401 incitatis
557 2339 906 2424 poetarum
944 2329 1187 2401 animis
1233 2339 1405 2400 recte
1446 2329 1728 2425 intelliqi
1770 2329 2005 2425 potuit.
2090 2330 2264 2401 Kein
2318 2330 2608 2401 Mensch

250 2429 422 2502 kann
472 2434 837 2517 errathen‚
890 2433 1056 2504 dass
1102 2431 1524 2504 leuchtende
1559 2432 1808 2525 Augen
1828 2487 1845 2517 ‚
1893 2454 2009 2503 wo
2047 2433 2209 2504 kein
2243 2435 2441 2504 Wort
2474 2454 2608 2504 von

250 2533 570 2607 Dichtern
620 2546 867 2629 gesagt
912 2538 1033 2622 ist,
1086 2536 1508 2630 begeisterte
1557 2535 1937 2607 Gemuther
1989 2536 2116 2606 der
2166 2536 2449 2608 Dichter
2485 2537 2612 2607 be-

250 2637 500 2711 deuten
536 2641 779 2712 sollen.
842 2637 1097 2711 Deinde
1130 2662 1266 2710 non
1299 2662 1438 2711 esse
1474 2638 1600 2710 hac
1634 2639 1890 2711 ratione
1918 2638 2135 2710 locum
2155 2648 2608 2735 persanatum‚

249 2750 521 2814 metrum
572 2744 788 2829 docet,
846 2765 1045 2839 quum
1098 2742 1515 2814 catalecticus
1571 2766 1801 2814 versus
1844 2767 1919 2814 eo
1969 2741 2190 2814 minus
2253 2742 2364 2814 hio
2402 2743 2617 2838 possit

244 2843 426 2937 ferri,
465 2870 671 2942 quum
697 2846 1071 2942 maxinme,
1112 2869 1304 2940 quem
1340 2845 1514 2917 alius
1539 2846 1798 2941 qeneris
1824 2846 2085 2915 numeri
2111 2845 2468 2940 accipiant,
2507 2855 2611 2917 ta-

248 2970 387 3019 men
433 2949 837 3022 acatalectus
869 2949 980 3020 sit.
1049 2946 1368 3042 Denique,
1409 2948 1583 3042 quod
1616 2948 2083 3043 qravissimum
2117 2956 2243 3033 est,
2292 2947 2611 3019 sententia

251 3048 365 3122 hoc
412 3053 610 3125 modo
658 3050 1115 3148 improbabilis
1151 3051 1388 3122 ewistit.
1466 3053 1546 3121 δι’
1588 3049 1936 3144 ἀμφιδίου
1977 3049 2148 3127 ὀπὸς
2183 3050 2358 3120 enim
2394 3050 2611 3121 locum

249 3151 479 3228 habere
514 3180 649 3250 non
675 3163 892 3251 potest
909 3209 927 3239 ‚
966 3154 1080 3226 ubi
1117 3154 1198 3225 de
1237 3152 1448 3224 Musis
1466 3207 1484 3238 ,
1528 3163 1864 3247 tamquam
1898 3160 2244 3247 poetarum
2278 3151 2612 3247 maqistris

250 3280 456 3330 sermo
508 3269 637 3344 est;
694 3258 1058 3330 communis
1107 3256 1282 3328 enim
1327 3255 1654 3351 quaedam
1696 3256 2059 3350 requiritur
2091 3255 2442 3341 sententia,
2479 3277 2612 3325 non

251 3361 628 3456 {inquiam-ie,
668 3385 751 3434 ecc
782 3361 996 3456 ipsius
1030 3359 1228 3431 huius
1265 3358 1580 3431 carminis
1614 3359 1872 3430 ratione
1900 3358 2127 3453 petita.
2197 3356 2381 3453 (Man
2408 3380 2614 3430 wun-

248 3463 395 3536 dert
430 3466 613 3551 sich,
651 3465 899 3538 woher
933 3465 1049 3537 die
1089 3461 1320 3535 Musae
1339 3471 1689 3558 poetarum
1717 3462 2073 3557 maqietrae
2095 3462 2443 3547 kommen,
2473 3483 2614 3533 von

253 3567 477 3640 denen
511 3570 639 3641 der
663 3569 947 3641 Dichter
973 3569 1138 3639 kein
1161 3568 1358 3639 Wort
1392 3577 1566 3661 sagt.
1641 3567 1852 3638 Diese
1882 3567 2003 3637 hat
2031 3566 2148 3635 Hr.
2176 3565 2256 3636 Ε.
2294 3587 2421 3636 aus
2452 3565 2614 3636 dem

254 3656 683 3745 Scholiasten
673 3692 1167 3799 ⁴”genomment
1204 3671 1335 3766 τῆς
1360 3668 1667 3765 κιθάρας
1694 3671 1844 3763 φῶς
1870 3668 2125 3741 ἔσσυτο
2149 3674 2304 3746 τοῖς
2332 3673 2608 3760 σοφοῖς·

204 3797 210 3803 ’
254 3775 383 3845 ἀπὸ
431 3777 565 3872 γὰρ
615 3777 744 3872 τῆς
793 3775 1100 3871 κιθάρας
1146 3768 1620 3869 ἐδιδάχθησαν
1692 3780 1760 3844 οἱ
1826 3772 2117 3844 παλαιοι
2165 3770 2450 3864 ᾄδοντες
2499 3771 2618 3842 καὶ

249 3876 658 3972 γράφοντες
685 3877 1078 3977 ποιήματα.
1132 3918 1236 3929 —-
1287 3874 1500 3949 πάλιν
1549 3876 1622 3947 δὲ
1675 3877 1826 4003 φῶς
1872 3877 2139 3964 ἐγένετο
2186 3874 2432 3951 αὐτοῖς
2477 3873 2619 3945 ἀπὸ

252 3983 370 4077 τῆς
416 3984 766 4080 ἡμετέρας
805 3984 1078 4107 ’,φωνῆς’
1129 3980 1297 4051 ἄνευ
1345 3978 1477 4074 γὰρ
1528 3977 1837 4075 κιθάρας
1886 3979 1931 4075 ἢ
1980 3977 2147 4048 ἄνευ
2199 3974 2453 4071 ἀνδρὸς
2485 3977 2618 4047 τοῦ

252 4083 704 4164 διδάσκοντος
739 4088 824 4158 οὐ
858 4081 1272 4181 μαθήσεταί
1310 4081 1478 4178 τις.)
1566 4080 1780 4178 Atque
1824 4080 1952 4152 hac
1995 4079 2260 4175 quidem
2304 4102 2387 4150 ex
2425 4087 2620 4173 parte

256 4183 572 4260 librorum
604 4188 937 4286 scriptura
964 4190 1047 4259 δι’
1079 4185 1443 4280 αἰφνιδίου
1483 4184 1631 4282 (aus
1658 4184 2017 4256 Versehen
2045 4184 2134 4255 ist
2159 4184 2242 4254 δι’
2273 4181 2622 4275 ἀμφιδίου

256 4289 738 4385 geschrieben)
784 4291 955 4369 ὀπὸς
989 4289 1188 4362 etiam
1231 4287 1453 4359 minue
1501 4297 1597 4360 est
1644 4286 2030 4382 offensioni,
2083 4308 2283 4382 quam
2319 4285 2621 4401 equidem

255 4413 382 4464 non
423 4394 795 4513 pam-icio,
848 4416 973 4467 cur
1007 4415 1141 4465 non
1173 4392 1519 4463 retinuerit
1555 4389 2003 4463 Hermannus.
2091 4385 2398 4460 Subita
2446 4387 2620 4459 enim

255 4518 291 4564 υ
310 4519 347 4567 ο
364 4520 414 4568 ω
448 4508 546 4570 eet
575 4499 734 4571 eine
753 4497 1177 4571 meditatione
1213 4516 1298 4566 σω
1333 4502 1620 4590 tempore
1655 4495 1858 4579 edita,
1896 4492 2118 4587 qualis
2154 4500 2299 4563 erat
2332 4489 2441 4561 hic
2469 4487 2623 4558 Mu-

258 4620 485 4672 sarum
533 4610 781 4677 camus.
869 4600 1064 4672 Recte
1100 4598 1699 4694 ἐνθουσιαστικὴν
1736 4595 2026 4691 explicat
2057 4594 2432 4668 scholiasta
2522 4587 2625 4684 (In
