3328 5326
719 340 842 402 254
1498 303 1504 312 ’
1607 338 2212 403 Ams‘rornfflns.

719 553 975 627 pueros
1009 533 1106 603 ab
1140 531 1392 604 adultis
1425 532 1562 624 agi,
1604 531 1674 602 id
1711 553 1851 602 nou
1885 531 2120 624 magni
2157 532 2488 626 ponderis
2525 553 2684 606 esse
2724 532 3081 615 videbitur,

717 636 776 708 si
803 635 971 729 quis
1007 636 1398 707 meminerit
1429 636 1643 707 etiam
1678 636 1750 706 in
1788 656 1863 706 re
1898 635 2217 720 scenica,
2271 647 2345 707 ut
2381 636 2448 706 in
2487 635 2774 729 picturis
2808 647 2882 706 et
2931 657 3085 706 ana-

718 739 1014 834 glyphis,
1072 739 1283 810 multa
1331 739 1546 832 signis
1595 737 2017 830 (pibusdam
2064 739 2402 823 iudicata,
2458 760 2577 810 res
2627 739 2817 832 ipsas
2865 750 3085 812 nutem

717 842 1192 936 imaginationi
1228 842 1691 936 spectantium
1727 842 2004 913 relictas
2038 863 2217 913 esse.
2279 841 2486 926 Quod
2513 842 2572 913 si
2602 843 2682 914 iis
2721 844 3084 926 choreutiS‚

595 948 837 1040 utqui
872 957 1133 1017 statura
1172 946 1561 1017 brevissimi
1597 956 1858 1028 essent,
1898 967 2275 1040 puerorum
2304 955 2536 1039 partes
2567 946 2857 1018 tributas
2898 957 3085 1039 puta-

717 1051 975 1135 bimuS‚
1031 1059 1353 1143 poterant
1402 1049 1500 1119 illi
1536 1070 1622 1120 eo
1660 1049 1929 1121 facilius
1966 1071 2093 1143 pro
2131 1050 2366 1143 pueris
2403 1049 2678 1134 haberi,
2737 1049 2930 1143 quod
2984 1072 3086 1120 or·
3250 1107 3253 1174 Ι

714 1167 919 1226 natus
947 1176 1188 1224 eorum
1218 1174 1473 1247 pueros
1504 1151 1960 1246 significabat.
2020 1152 2273 1224 Notum
2303 1163 2411 1224 est
2438 1154 2623 1223 enim
2653 1175 2749 1224 ex
2778 1154 2884 1238 iis,
2914 1175 3084 1246 quae

715 1258 958 1329 Pollux
1005 1257 1299 1341 rettulit,
1367 1256 1657 1349 singulis
1729 1267 1799 1328 et
1853 1257 2195 1336 aetatibus
2249 1264 2320 1327 et
2371 1257 2665 1350 ingeniis
2719 1266 2791 1330 et
2843 1255 3083 1327 officiis

710 1371 941 1432 certas
990 1381 1326 1455 personas
1376 1370 1747 1453 certosque
1798 1383 2009 1453 quum
2061 1361 2363 1431 vestium
2423 1370 2570 1432 tum
2618 1360 2923 1431 maxime
2977 1381 3085 1431 ca-

711 1466 1265 1559 pillamentorum
1302 1474 1585 1538 ornatus
1621 1465 2036 1540 constitutos
2076 1465 2313 1548 fuisse,
2351 1473 2448 1549 ut,
2486 1464 2902 1557 simulatque
2940 1466 3082 1557 quis

710 1569 1263 1662 conspiceretur,
1319 1569 1547 1638 statim
1585 1567 1741 1659 quis
1780 1577 1851 1639 et
1886 1568 2106 1660 qualis
2145 1577 2333 1644 esset
2368 1576 2799 1660 spectatores
2837 1568 3082 1638 intelli-

707 1685 972 1765 gerent.
1069 1671 1435 1746 Sumamus
1489 1671 1696 1764 igitur
1746 1693 1841 1742 ex
1889 1671 2245 1750 choreutis
2294 1681 2537 1764 captos
2590 1692 2748 1742 esse
2807 1694 3076 1764 pueros.

708 1777 851 1847 Eos
888 1785 1123 1847 autem
1160 1785 1331 1866 quot
1365 1795 1656 1846 numero
1696 1775 1908 1848 fuisse
1940 1775 2429 1847 censebimus?
2482 1775 2557 1845 In
2586 1775 2778 1847 libris
2807 1775 3082 1867 quidem

710 1900 891 1973 quae
929 1878 1161 1973 pueris
1198 1877 1616 1963 tribuuntur,
1648 1879 1856 1952 trium
1882 1899 2042 1950 esse
2071 1900 2444 1972 puerorum
2473 1877 2820 1950 videntur.
2884 1879 3080 1953 Cuius

708 1984 811 2054 rei
847 1982 1188 2054 rationem
1226 1981 1409 2051 hanc
1447 2003 1628 2067 esse,
1666 1981 1858 2074 quod
1896 1982 2009 2058 isti
2044 1992 2184 2054 tres
2222 1983 2293 2052 in
2333 1980 2469 2054 fine
2508 1982 2786 2053 fabulae
2823 1982 2917 2055 ad
2956 1985 3082 2053 sal·

709 2087 959 2162 tandos
1009 2085 1279 2158 Carcini
1324 2095 1575 2178 poetae
1626 2086 1867 2177 tragici
1909 2084 2122 2170 filios,
2175 2108 2470 2178 quorum
2516 2097 2681 2168 nota
2732 2097 2885 2156 erat
2937 2108 3082 2160 cor-

711 2191 898 2285 poris
933 2189 1278 2275 brevitaS‚
1316 2188 1607 2262 adhibiti
1645 2190 1900 2262 fuerint
1914 2243 1937 2274 ,Ν
1986 2190 2381 2283 suspicatus
2418 2199 2527 2260 est
2564 2189 2849 2261 Carolus
2888 2191 3078 2274 Beer,

710 2293 1199 2385 CoburgensiS,
1237 2293 1604 2386 perutilem
1640 2292 1752 2361 ille
1791 2294 1955 2365 olim
1981 2314 2267 2387 operam
2296 2292 2776 2386 Aristophanis
2804 2315 3080 2364 comoe-

708 2398 841 2472 diis
895 2397 1383 2491 praestituruS‚
1421 2396 1681 2489 quippe
1734 2397 1866 2470 nisi
1915 2406 2243 2468 accurata
2282 2397 2850 2490 interpretatione
2890 2417 3079 2490 prae-

705 2521 947 2593 gressa
973 2520 1226 2572 vanam
1253 2520 1415 2572 esse
1443 2498 2015 2583 emendationem,
2034 2501 2282 2572 sciens,
2340 2501 2455 2571 Illa
2487 2501 2558 2569 in
2589 2500 2821 2571 ultima
2853 2522 3079 2584 scena,

706 2624 892 2697 quae
927 2613 1038 2685 est
1072 2624 1113 2677 a
1148 2624 1214 2672 v,
1255 2600 1474 2677 4474.
1503 2624 1727 2696 quum
1773 2603 1902 2675 soli
1949 2603 2090 2681 duo
2127 2603 2500 2677 histriones
2551 2603 2620 2675 in
2672 2625 2882 2677 scena
2930 2606 3076 2689 sint,

707 2728 1001 2801 querum
1066 2707 1239 2779 alter
1299 2728 1573 2781 servum
1635 2707 2041 2791 Xanthiam,
2115 2710 2289 2780 alter
2345 2708 2857 2783 Philocleonem
2922 2709 3075 2802 agit,

706 2821 984 2906 praeter
1018 2810 1147 2883 hos
1185 2821 1418 2883 autem
1447 2803 1795 2904 prodeant
1829 2822 1969 2883 tres
1998 2811 2428 2898 Carcinidae,
2466 2812 2634 2885 nihil
2670 2812 2766 2883 illi
2802 2812 3076 2905 quidem

704 2916 1072 2989 verborum
1107 2914 1495 3001 &cientem
1548 2915 1678 3000 sed
1730 2938 1869 2991 una
1918 2937 2079 2991 cum
2116 2915 2557 2993 Philocleone
2604 2937 2849 2991 omnes
2885 2916 3075 2991 simul

702 3021 1074 3104 saltanteS‚
1109 3017 1208 3091 ad
1241 3040 1400 3091 eam
1435 3019 1875 3095 saltationem
1910 3020 2265 3095 chomatis
2298 3041 2475 3112 opus
2520 3029 2707 3106 erat,
2741 3019 2911 3093 dum
2947 3030 3073 3091 ter-

704 3124 839 3195 tius
874 3123 1152 3207 histrio,
1191 3133 1268 3196 ut
1303 3121 1612 3208 videtur,
1650 3122 1918 3196 Carcini
1957 3144 2325 3216 personam
2364 3144 2657 3216 gerens,
2693 3133 3068 3217 spectatum

700 3226 1111 3299 accedebat.
1207 3226 1661 3307 saltationem
1712 3228 1921 3303 istam
1970 3228 2040 3296 in
2091 3227 2453 3301 orchestra
2504 3236 2731 3307 actam
2786 3227 3065 3321 prodere

706 3329 984 3401 videtur
1019 3328 1175 3401 finis
1215 3331 1518 3416 fabulae,
1558 3330 1678 3422 qui
1712 3331 1827 3405 hic
1865 3338 2002 3403 est:

703 3437 792 3504 X
794 3435 951 3507 ΟΡ.
1072 3434 1253 3527 Φέρε
1277 3433 1407 3505 νῦν
1434 3434 1635 3529 ἡμεῖς
1650 3435 1909 3510 αὐτοῖς,
1927 3430 2160 3522 ὀλίγον
2179 3429 2726 3529 ξυγχωρήσωμεν
2742 3435 3055 3519 ἅπαντες,

1070 3537 1149 3605 ἵν’
1182 3538 1282 3627 ἐφ’
1314 3534 1610 3631 ἡσυχίας
1635 3537 1839 3632 ἡμῶν
1876 3532 2196 3629 πρόσθεν
2221 3536 2712 3629 βεμβικίζωσιν
2748 3532 3057 3611 ἑαυτούς.

696 3642 899 3711 HM.
932 3634 1026 3709 α’.
1067 3635 1201 3727 ἄγ’,
1246 3633 1300 3709 ὦ
1334 3634 1805 3729 μεγαλώνυμα
1839 3639 2053 3711 τέκνα
2914 3664 3055 3732 στρ.

1064 3741 1197 3812 τοῦ
1234 3740 1880 3830 θαλασσίου-θεοῦ,
2036 3804 2041 3813 .
2526 3818 2531 3825 ,
2806 3822 2811 3829 ‚

1064 3844 1331 3941 πηδᾶτε
1361 3841 1957 3939 παρὰψοῖμαθον.
1982 3847 2100 3919 καὶ
2402 3853 2412 3864 “
3244 3824 3245 3895 ¹

1063 3950 1214 4025 θῖν’·
1233 3948 1411 4027 ἁλὸς
1448 3950 1887 4045 ἀηρυνέτοιο,
2430 4010 2437 4019 .

1063 4050 1369 4149 καρίδων
1407 4051 1725 4144 ἀδελφοί.
1766 4128 1773 4137 ,
2134 4122 2141 4133 ,
2806 4106 2813 4123 ,
3242 4106 3243 4109 ,

699 4151 1028 4246 HMA.
1068 4156 1287 4244 ταχὺν
1319 4154 1507 4235 πόδα
1544 4160 2052 4249 κυκλοσοβεῖτε,
2594 4210 2601 4217 -
2724 4238 2731 4245 .
2798 4222 2803 4229 ,
2904 4158 3044 4227 ἀντ.

889 4282 896 4291 ’
1067 4260 1184 4330 καὶ
1220 4259 1313 4331 τὸ
1350 4258 1769 4354 Φρυνίχειον
2264 4264 2271 4269 ’
2512 4304 2519 4315 -

1066 4360 1538 4437 ἐκλακτισάτω
1574 4388 1713 4448 τις,
1756 4364 1944 4441 ὅπως
1986 4367 2044 4435 ἰ-
2386 4444 2393 4449 ,
3240 4400 3241 4405 ’

1069 4463 1309 4543 δόντες
1345 4466 1489 4537 ἄνω
1531 4467 1763 4543 σκέλος
1802 4467 1854 4537 ὥ
1893 4467 1978 4537 ὤ·

1068 4578 1275 4654 ζωσιν
1315 4575 1382 4640 οἱ
1415 4568 1704 4640 θεαταί.
