3328 5326
671 409 710 469 2
1311 407 1382 468 G.
1421 407 1790 468 ΗΕΒΜΑΝΝ
1792 409 1815 469 1
1845 407 2398 471 ADDITAMENTA

667 622 735 693 p.
780 599 874 671 '73
915 600 956 668 1.
1004 600 1096 671 12
1155 598 1551 692 adscripsit:
1615 597 2066 671 Schneidewin
2105 598 2330 672 Diana
2370 599 2723 674 Phacelitis
2751 626 2820 698 Ρ.
2866 596 2992 674 13.

670 726 740 797 p.
783 701 879 774 87
934 702 1003 770 in
1072 703 1399 773 inferiore
1447 726 1659 796 marg.
1713 704 2013 774 addidit:
2098 701 2545 799 Conferendus
2596 702 2834 777 Jacobs
2884 729 3034 777 ver-

874 804 1145 876 mischte
1187 802 1542 898 Schrifften
1574 801 1648 878 5.
1701 805 1815 876 Th,
1849 831 1920 900 p.
1964 801 2410 880 543-603,

670 931 737 1002 p.
777 908 922 980 147
961 910 1000 978 1.
1036 910 1133 982 26
1173 909 1576 1002 adscripsit:
1619 907 1721 980 De
1747 908 1852 981 his
1877 910 2221 981 itineribus
2249 911 2607 1004 disputavit
2641 910 2756 981 Th.
2780 909 3033 1007 Berqh-

875 1011 982 1186 ilus
1031 1009 1394 1187 in2ghl‘urn.
1452 1012 1655 1187 a3ntiq.
1697 1007 1933 1087 1835.
1975 1007 2101 1086 10.
2138 1037 2205 1108 Ρ.
2246 1008 2409 1087 953
2432 1039 2526 1109 sq.
2567 1040 2626 1084 v.
2670 1012 2853 1086 Bode
2895 1012 3027 1084 III.

935 1173 949 1186 .
984 1139 1053 1210 p.
1292 1125 1422 1188 not.
1525 1172 1538 1185 .

670 1243 740 1314 p.
787 1222 930 1290 158
971 1220 1012 1287 l.
1058 1218 1152 1290 34
1208 1218 1468 1315 χρυσὸν
1502 1219 1888 1312 λαμβάνειν
1925 1220 2325 1314 adscripsit:
2388 1218 2703 1292 Fritzsch.
2736 1221 2825 1291 ad
2857 1219 3027 1291 Ran.

670 1449 737 1519 p.
787 1428 930 1496 186
991 1426 1060 1494 in
1113 1427 1471 1519 superiore
1514 1427 1862 1520 margine:
1933 1426 2149 1523 Ἡρη
2187 1450 2349 1496 num
2394 1427 2669 1522 proprie
2721 1426 2924 1498 nubes
2974 1435 3038 1497 et

874 1528 1167 1599 nebula?

668 1672 773 1684 —-
808 1633 848 1702 1.
895 1631 936 1702 4
986 1633 1204 1704 verbo
1242 1632 1706 1726 Empedocles
1758 1632 2022 1703 adscr.:
2078 1656 2136 1703 v.
2177 1627 2286 1706 56
2320 1657 2378 1703 v.
2421 1630 2705 1704 Karsten
2730 1658 2803 1727 p.
2847 1626 3029 1707 181.

877 1734 955 1806 cl.
1000 1743 1280 1805 terram:
1337 1736 1427 1806 id.
1464 1760 1538 1829 p.
1579 1730 1761 1809 520.

668 1880 773 1891 —
809 1840 848 1909 1.
898 1842 988 1909 19
1031 1838 1291 1910 adscr.:
1352 1840 1816 1911 Ποσειδῶν
1850 1840 1893 1935 ἡ
1931 1839 2189 1916 πόσις
2223 1836 2685 1934 Athenayoras
2723 1836 2878 1935 Leq.
2904 1862 3032 1934 pro

877 1939 1270 2013 Christianis
1306 1966 1359 2012 e.
1403 1935 1529 2015 18.
1564 1966 1635 2037 Ρ.
1678 1935 1804 2016 83.
1904 1940 2145 2013 Mulier
2184 1942 2456 2037 Proleq.
2489 1967 2562 2036 p.
2604 1936 2764 2016 289
2788 1944 2840 2013 s.

673 2069 739 2139 p.
783 2047 929 2118 299
969 2047 1014 2115 l.
1057 2048 1153 2120 22
1194 2046 1454 2117 adscr.:
1512 2070 1571 2116 v.
1617 2043 1919 2117 Grani-eri
1954 2043 2200 2117 Anecd.
2249 2043 2356 2116 IV
2373 2069 2442 2141 Ρ.
2484 2039 2666 2131 424,
2704 2041 2831 2119 29.

669 2173 738 2243 p.
780 2149 926 2221 304
966 2150 1011 2219 l.
1058 2153 1149 2221 15
1189 2141 1454 2220 adscr.:
1514 2144 1779 2220 Passow
1817 2173 1925 2244 ap.
1987 2147 2167 2220 Well.
2210 2149 2299 2219 ad
2333 2146 2565 2220 Aeseh.
2627 2146 2808 2220 Pers.
2844 2143 3030 2222 850.

877 2250 1179 2324 Fortasse
1235 2253 1408 2347 quod
1456 2250 1671 2346 sontes
1715 2252 1905 2346 quasi
1941 2251 2198 2346 dempto
2237 2251 2541 2347 operculo
2580 2252 3029 2345 effunduntur.

878 2352 1123 2427 Contra
1160 2354 1577 2449 ἄναυρος,
1618 2354 1775 2448 quia
1809 2378 1943 2425 non
1975 2377 2234 2448 semper
2271 2352 2611 2449 ναερός.

665 2482 735 2552 p.
779 2461 925 2531 326
964 2460 1007 2527 l.
1053 2457 1097 2528 7
1138 2457 1401 2527 adscr.:
1462 2455 1632 2528 Mire
1659 2456 1741 2527 de
1773 2455 1873 2527 his
1900 2465 2160 2552 questus
2188 2465 2282 2527 est
2308 2456 2480 2551 empl.
2516 2453 2711 2528 Pind.
2745 2482 2816 2553 Ρ.
2839 2452 3031 2531 257.

668 2585 735 2655 p.
780 2563 925 2635 328
965 2570 1106 2631 not.
1149 2561 1260 2629 lin.
1308 2563 1349 2631 3
1390 2560 1655 2630 adscr.:
1719 2556 2031 2631 Fritzsch.
2076 2561 2163 2630 ad
2209 2559 2459 2632 Thesm.
2493 2586 2567 2657 Ρ.
2608 2555 2787 2634 279.

1682 2794 1865 2875 1101..
1915 2794 2016 2875 ΙΙΙ.

780 2975 872 3046 17
913 2977 953 3045 l.
999 2978 1041 3046 8
1082 2974 1171 3045 ad
1198 2973 1281 3044 τὸ
1309 2976 1594 3069 σῶφρον
1621 2975 1690 3042 in
1718 2996 1934 3068 marg.
1965 3002 2051 3064 γε
2083 2971 2386 3070 σώφρω
2408 3002 2444 3044 v
2474 2972 2546 3044 F.
2578 2972 2644 3044 V.
2672 2972 3032 3048 Fritzsche.

716 3081 869 3152 ,25
908 3081 949 3148 l.
999 3081 1089 3148 19
1148 3080 1451 3148 colorem
1488 3077 1730 3149 vitium
1768 3078 2031 3171 typoth.
2074 3100 2251 3147 corr.
2297 3076 2601 3147 calorem.

718 3184 870 3256 .28
910 3185 952 3252 1.
997 3181 1093 3256 24
1152 3182 1522 3252 Pausanias
1574 3182 1677 3251 III.
1742 3185 1855 3251 11.
1920 3185 1983 3252 1.
2037 3182 2153 3250 vit.
2226 3189 2366 3273 typ.
2424 3202 2602 3251 cor.r
2653 3175 3039 3253 Pausanias

665 3389 755 3460 ib.
790 3389 861 3458 in
889 3389 1213 3459 inferiore
1241 3409 1456 3480 marg.
1479 3384 1680 3457 Falsa
1706 3386 1909 3482 refert
1933 3383 2315 3457 Krausius
2289 3410 2361 3456 in
2389 3394 2521 3456 ant.
2544 3409 2733 3480 aqon.
2751 3408 2819 3479 Ρ.
2844 3355 3034 3458 490.

662 3514 729 3585 Ρ.
776 3494 870 3562 35
908 3493 950 3561 l.
995 3493 1077 3565 21
1132 3491 1391 3562 adscr.:
1450 3484 1743 3585 Philipp.
1785 3490 1865 3560 de
1894 3497 2074 3585 pent
2110 3512 2177 3583 p.
2219 3484 2328 3563 50
2354 3514 2406 3560 s.

663 3618 731 3689 p.
777 3597 871 3666 38
911 3594 983 3663 in
1019 3595 1378 3687 superiore
1414 3615 1628 3685 marg.
1694 3588 2039 3687 Sophoclis
2068 3590 2324 3663 Nioben
2350 3589 2836 3684 dithyrambum
2866 3591 3039 3662 dra-

868 3696 1183 3769 maticum
1217 3703 1405 3768 vocat
1438 3693 1970 3767 Ambroschius
1944 3721 2017 3768 in
2053 3695 2213 3766 diss.
2256 3696 2336 3766 de
2376 3692 2779 3787 Charontep
2787 3686 2975 3765 .46.

664 3825 731 3895 p.
775 3805 869 3873 50
908 3804 951 3872 l.
998 3802 1094 3874 22
1135 3799 1400 3871 adscr.:
1457 3822 1516 3869 v.
1542 3795 2048 3869 Schneidewin
2021 3824 2096 3870 in
2123 3789 3041 3871 Zimmerm.Diurn.1834

868 3928 933 3974 n.
966 3899 1096 3981 53.
1137 3905 1679 3998 πρεᾚπουσιμ
1714 3903 1884 3972 πᾶν
1922 3905 2438 3996 ὀρεχθεῑται
2474 3903 2730 3972 πέδον
2765 3896 3039 4028 Ahrens

871 4005 1148 4077 Emend.
1201 4004 1464 4075 Theocr.
1500 4026 1570 4098 p.
1611 3997 1738 4077 28.

662 4133 731 4204 Ρ.
776 4113 856 4181 51
909 4119 1048 4181 not.
1090 4112 1132 4179 l.
1179 4107 1220 4178 4
1260 4108 1524 4179 adscr:
1583 4102 1917 4178 Porsonus
1947 4105 2210 4198 οὑμὸς
2237 4107 2321 4178 δὲ
2350 4104 2701 4195 πότμος.
2768 4127 2826 4173 v.
2874 4102 3038 4174 Mu-

865 4235 1049 4283 seum
1076 4210 1394 4306 philolog).
1431 4208 1595 4304 fasc.
1644 4208 1736 4281 II.
1770 4234 1841 4303 p.
1884 4203 2064 4282 216.

662 4338 729 4409 Ρ.
761 4314 857 4387 57
894 4317 938 4385 l.
970 4319 1012 4387 8
1054 4314 1317 4385 adscr.:
1374 4311 1638 4383 Videtur
1663 4337 1822 4385 usus
1850 4336 1989 4384 esse
2003 4311 2259 4408 Aqatho
2278 4306 2751 4421 Aristophanis
2765 4305 3035 4385 Thesm.

869 4412 1050 4491 110.
1099 4441 1158 4488 v.
1217 4415 1503 4509 Hesych.
1560 4416 1634 4487 in
1683 4414 2145 4505 κάγχαλοςε
2212 4412 2384 4482 unde
2431 4432 2785 4502 suspiceris
2821 4437 3038 4501 καγ-

867 4526 1071 4592 καλα
1107 4519 1283 4591 dieta
1318 4543 1481 4591 esse.

664 4647 730 4718 p.
777 4625 953 4695 601.
997 4625 1092 4697 20
1133 4623 1400 4695 adscr.:
1463 4620 1713 4694 Ztsehr.
1763 4621 1815 4717 s.
1870 4619 2146 4693 Alterth.
2209 4614 2298 4686 W.
2341 4607 2554 4688 1839
2603 4610 2743 4682 Mai
2780 4636 2845 4682 n.
2889 4611 3027 4689 55.

662 2999 732 3278 ττι-ς,
