3328 5326
1223 382 1624 447 PlNDARUS.
2529 386 2607 447 73

396 579 657 648 νικῶντ’
697 579 913 674 ἤρεφε
947 572 1256 654 δασκίοις
2631 595 2728 656 ΡΛ

401 684 790 760 Φλιοῦντος
825 683 932 752 ὑπ’
977 679 1295 770 ὠγυγίοις
1322 680 1595 773 ὄρεσιν.

255 853 340 925 45
393 838 715 925 πλατεῖαι
748 850 1109 924 πάντοθεν
1144 849 1483 941 λογίοισιν
1519 852 1666 922 ε’ντὶ
1702 849 2060 946 πρόςοδοι·
2345 878 2498 947 στρ.
2517 851 2603 942 γ’.

391 958 613 1028 νᾶσον
644 958 885 1028 εὐκλέα
921 951 1131 1027 τάνδε
1165 960 1476 1046 κοσμεῖν·
1519 955 1669 1025 ἐπεί
1705 982 1874 1047 σφιν
1909 954 2254 1027 Αἰακίδαι

388 1060 647 1154 ἔπορον
686 1059 925 1151 ε”ξοχον
963 1054 1171 1129 αἶσαν
1210 1056 1462 1151 ἀρετὰς
1499 1055 2076 1149 ἀποδεικνύμενοι
2111 1055 2439 1151 μεγάλας.

389 1166 689 1234 πέταται
725 1163 785 1233 δ’
828 1160 947 1233 ἐπί
977 1187 1053 1230 τε
1086 1155 1319 1249 χθόνα
1354 1188 1469 1230 και
1508 1160 1623 1230 διὰ
1658 1160 2032 1239 θαλάσσας

387 1263 691 1362 τηλόθεν
724 1267 775 1355 γ’
819 1256 1013 1355 ὄνυμ’
1055 1266 1318 1351 αὐτῶν,
1361 1262 1476 1332 καὶ
1508 1268 1580 1339 ἐς
1614 1265 1994 1342 Αἰθίοπας

251 1372 332 1440 50
383 1371 778 1461 Μέμνονος
815 1370 939 1438 οὐκ
979 1363 1603 1443 ἀπονοστάσαντος
1636 1369 1921 1473 ἐπᾶλτο·
1952 1366 2148 1491 βαρὺ
2185 1368 2262 1437 δέ
2298 1394 2466 1459 σφιν

386 1476 577 1549 ἕλκος
607 1470 918 1560 Ἀχιλεὺς
953 1472 1229 1560 ἔμπεσε,
1271 1470 1535 1601 χαμᾶζε
1569 1470 1817 1561 καβαις
1851 1466 1965 1577 αφ’
2009 1466 2374 1566 ἁρμάτων

386 1644 695 1737 φαεννᾶς
728 1642 886 1713 υἱὸν
923 1638 1043 1712 εὖτ
1093 1637 1408 1735 ἐνάριξεν
1440 1643 1656 1718 Ἀοὕς
1694 1644 1881 1733 ἀκμᾷ
2331 1646 2488 1714 ἀντ.
2512 1642 2599 1734 γ’.
2626 1650 2726 1711 ps

245 1866 635 1944 relinquitur,
685 1882 847 1943 quae
891 1863 1267 1923 correctione
1314 1860 1610 1937 indit-eat.
1692 1864 1760 1921 In
1795 1882 1931 1967 qua
1974 1881 2170 1943 quum
2215 1854 2597 1943 νικάσαντα,

246 1953 347 2013 nisi
393 1959 605 2031 spreta
646 1949 945 2010 librorum
991 1947 1112 2008 fide
1158 1939 1493 2009 νικάσαντ’
1529 1937 1709 2031 ἔρεφ’
1743 1939 2036 2022 εὐσκίοις
2075 1949 2405 2028 scribatur,
2459 1951 2607 2011 ferri

245 2045 524 2117 nequeat,
587 2032 843 2115 βοτάνα
901 2044 1105 2096 autem
1148 2036 1251 2095 vel
1297 2052 1377 2094 ex
1418 2036 1919 2114 interpretatione
1965 2036 2062 2095 vel
2107 2054 2187 2095 ex
2229 2038 2606 2098 correctione

245 2125 480 2184 metrica
527 2132 730 2183 ortum
772 2119 975 2182 videri
1016 2122 1243 2200 possit,
1300 2118 1666 2182 verisimile
1682 2130 1776 2181 est
1816 2122 2113 2224 scriptum
2157 2122 2380 2183 fuisse:
2425 2116 2607 2184 ποια

250 2204 309 2271 τέ
348 2203 447 2271 νίν
488 2199 660 2310 ποθ’
702 2200 745 2268 ἁ
790 2201 1065 2305 λέοντος
1093 2195 1423 2287 κρατέοντ’
1470 2195 1680 2290 η’ρεφε
1724 2200 2032 2279 δασκίοις
2079 2205 2449 2280 Φλιοῦντος
2488 2198 2603 2268 ὑπ’

54 2268 57 2339 Ῐ
155 2308 159 2313 ·
250 2286 542 2378 ὠγυγίοις
586 2284 829 2377 όρεσιν.
903 2294 1004 2354 Sic
1049 2294 1114 2354 in
1159 2294 1330 2374 Pyth.
1370 2293 1522 2353 VIII.
1562 2294 1667 2353 28.
1712 2302 1805 2353 est
1846 2286 2389 2376 ἐστεφανωμένον
2430 2285 2606 2378 ποίᾳ

246 2372 676 2481 Παρνασσίδι.
731 2379 857 2441 Sed
887 2381 1178 2458 quoniam
1215 2379 1365 2440 nihil
1398 2380 1497 2439 hic
1526 2387 1763 2439 certum
1793 2388 1903 2456 est,
1936 2381 2056 2441 nisi
2089 2390 2442 2460 suspectam
2469 2399 2607 2441 esse

249 2467 571 2567 epodorum
604 2469 667 2527 in
700 2467 794 2527 his
825 2466 1112 2527 versibus
1137 2464 1634 2545 discrepantiam,
1669 2464 2032 2547 satisssbabui
2055 2465 2326 2527 scribere
2350 2456 2604 2526 νικῶντ’

248 2574 346 2636 ηρε
403 2574 435 2616 ε
467 2545 791 2625 δασκίοις.

248 2572 499 2724 ηρφ49)
544 2638 777 2701 Addidi
808 2627 889 2720 γ’,
926 2638 1104 2699 aliter
1124 2656 1320 2739 quam
1352 2645 1493 2698 ante
1525 2636 1753 2699 factum
1785 2646 1919 2699 erat
1948 2636 2167 2700 divisis
2198 2637 2513 2700 versibuS.

402 2728 501 2803 54)
523 2726 925 2831 Legebatur.
978 2717 1147 2806 βαρὺ
1189 2718 1265 2786 δέ
1307 2741 1469 2809 σφιν
1509 2723 1728 2797 νεῖκος
1758 2715 1991 2803 εμπεσ’
2023 2721 2353 2827 ᾼχιλλεύς
2394 2724 2608 2803 χαμαὶ

249 2803 544 2914 καββάς’
516 2804 636 2898 αφ’
672 2804 1007 2913 ἁρμάτων.
1076 2811 1479 2872 scholiastes:
1522 2810 1807 2913 βαρεῖαν
1839 2805 1915 2871 δὲ
1942 2805 2058 2872 καὶ
2090 2805 2366 2916 ἐπαχθῆ
2392 2805 2607 2919 μάχην

248 2895 346 2960 δια
397 2892 812 3005 φιλονεικίαν
874 2887 1107 2970 αυτοῖς
1164 2888 1578 2970 ἐπέδειξεν(
1546 2918 1581 2958 ο
1630 2891 1998 2974 Αχιλλεύς,
2062 2917 2208 2971 τοις
2249 2893 2599 3003 Αιθίοψι,

250 3006 442 3091 χαμαι
478 2978 709 3058 κλίνας
741 2976 856 3045 τὸν
883 2977 1210 3059 Μέμνονα
1244 2972 1448 3055 αυτὸς
1477 2975 1548 3043 ἐκ
1576 2981 1711 3044 τῶν
1740 2975 2052 3085 ἁρμάτων
2082 2980 2454 3060 κατελθών,
2490 2989 2608 3070 τῆς

250 3064 525 3177 φαίδρας
545 3064 839 3174 ‘Hae‘oag
865 3062 981 3130 τὸν
1009 3060 1178 3143 υιόν,
1228 3060 1428 3151 ἡνίκα
1473 3062 1806 3154 ἐφόνευσε
1831 3070 1914 3152 τῇ
1951 3059 2129 3152 ἀκμῇ
2167 3072 2289 3131 τοῦ
2322 3065 2608 3150 δόρατος

250 3159 357 3218 τοῦ
396 3151 542 3220 λίαν
588 3148 879 3239 ὀργίλου.
968 3157 1222 3233 Legerat
1266 3155 1365 3215 bic
1407 3172 1659 3233 quoque
1705 3155 1953 3227 νεῖκοςτ
2006 3155 2116 3216 sed
2161 3165 2382 3223 tamen
2415 3158 2606 3219 multo

253 3246 437 3322 aptius
478 3254 595 3319 est,
643 3241 811 3322 quod
854 3239 1372 3303 Schneidewinus
1419 3259 1497 3300 ex
1526 3240 1821 3301 Abrentis
1865 3241 2298 3303 emendatione
2340 3246 2597 3325 recepit,

247 3324 400 3411 βαρὺ
455 3325 527 3392 δέ
579 3347 741 3431 σφιν
792 3322 1002 3399 ἕλκος.
1099 3329 1327 3388 Mutavi
1381 3336 1587 3387 autem
1640 3328 2237 3406 interpunctionem:
2298 3349 2442 3390 nam
2498 3331 2603 3392 illa

246 3415 478 3495 χαμᾶζε
516 3410 760 3496 καβαὶς
801 3405 919 3499 ἀφ’
954 3407 1266 3494 ἁρμάτων
1296 3432 1437 3474 cum
1468 3411 1993 3494 praecedentibus
2037 3415 2597 3495 coniungebantur.

246 3500 305 3560 Si
333 3501 642 3577 PindaruS‚
678 3499 846 3580 quod
877 3500 1053 3561 facile
1085 3498 1251 3560 credi
1282 3508 1500 3579 potest,
1543 3498 1836 3560 eumdem
1869 3518 2055 3598 quem
2089 3503 2354 3573 Quintus
2388 3504 2605 3584 Smyr-

244 3603 425 3649 naeus
473 3599 781 3651 auctorem
835 3596 1087 3647 secutus
1138 3595 1259 3665 est,
1320 3585 1592 3666 pedestri
1648 3587 1986 3647 certamine
2039 3605 2407 3667 congressus
2459 3609 2602 3651 cum

246 3672 545 3736 Memnone
574 3674 891 3735 ferebatur
921 3672 1215 3733 Achilles,
1282 3673 1383 3733 Sic
1410 3674 1575 3732 enim
1610 3672 1690 3733 de
1721 3693 1792 3733 eo
1822 3673 2088 3743 Quintus
2120 3675 2191 3735 ΙΙ.
2233 3676 2377 3734 404.

642 3750 680 3821 ὃ
714 3754 773 3820 δ’
816 3747 918 3839 ἄρ’
954 3747 1102 3819 ου’τι
1133 3754 1371 3836 τρέσας
1399 3753 1772 3864 περιμηκέα
1804 3752 2049 3862 πέτρην

439 3836 672 3908 αὐτίκα
707 3864 774 3906 οι
807 3838 1041 3922 σχεδὸν
1070 3832 1241 3948 ἦλθε
1271 3839 1524 3948 μακρὸν
1554 3841 1712 3926 δόρυ
1745 3837 2016 3928 πρόσθε
2046 3836 2380 3919 τιταίνων,

442 3927 659 4013 πεζός,
697 3926 852 3993 ε’πεί
880 3924 963 4013 ῥά
997 3923 1065 3991 οὶ
1099 3923 1371 3992 ἵπποι
1342 3924 1500 3994 ε’σαν
1528 3926 1915 4011 μετόπισθε
1944 3928 2287 4010 κυδοιμοῦ.

407 4020 497 4098 52)
534 4020 878 4081 Posuerunt
906 4018 1095 4077 critici
1128 4016 1383 4096 quidam
1407 4010 1597 4091 Αόος
1623 4037 1739 4099 pro
1760 4016 1973 4090 Αοῦς,
2010 4015 2179 4096 quod
2207 4017 2506 4097 scriptum
2536 4020 2602 4078 in

242 4098 410 4162 libris
448 4104 769 4167 ferendum
811 4111 960 4180 erat,
1000 4113 1070 4163 ut
1098 4105 1511 4166 contractione
1540 4104 1747 4165 facta
1730 4124 1796 4163 ιιι
1829 4104 2078 4174 nomine
2109 4104 2379 4184 proprio,
2417 4122 2603 4185 prae-

236 4189 438 4248 sertim
482 4208 673 4270 quum
718 4191 943 4253 usitata
979 4189 1242 4250 Pindaro
1288 4191 1367 4251 sit
1411 4191 1672 4270 genitivi
1715 4189 1906 4251 forma
1956 4190 2109 4264 οῦς,
2158 4188 2237 4251 de
2278 4208 2403 4268 qua
2445 4190 2604 4251 dixit

237 4271 563 4339 Boeckbius
605 4277 684 4339 ad
723 4276 894 4358 Pyth.
930 4276 1072 4336 403.
1153 4276 1353 4356 Atque
1397 4278 1510 4338 etsi
1554 4277 1812 4339 fortasse
1855 4274 2105 4337 defendi
2149 4285 2354 4356 potest
2382 4272 2596 4350 Αόος,

234 4358 404 4435 quod
432 4363 704 4440 probavit
733 4363 975 4424 Abrens
1008 4362 1069 4420 in
1101 4361 1258 4422 libro
1291 4365 1399 4442 qui
1433 4372 1527 4424 est
1557 4363 1636 4424 de
1670 4362 1930 4423 dialecto
1955 4363 2167 4423 Dorica
2200 4382 2263 4442 p.
2298 4364 2442 4426 238.
2475 4381 2601 4423 non

235 4444 481 4506 videtur
506 4449 656 4511 illud
685 4459 897 4511 tamen
926 4447 1155 4509 lectum
1189 4466 1325 4510 esse
1357 4469 1389 4509 a
1424 4449 1860 4554 grammaticis.
1926 4450 2079 4509 Nam
2112 4449 2592 4525 ChoerobochS,

234 4532 341 4607 qui
372 4550 439 4610 p.
466 4533 601 4614 332,
644 4538 745 4597 43.
784 4533 1028 4596 scribit.
1086 4527 1298 4596 ιστέον
1346 4529 1489 4597 δε*
1463 4528 1569 4596 ότι
1614 4536 1695 4619 τῇ
1738 4553 1858 4612 μεν
1905 4526 2021 4595 διὰ
2063 4535 2188 4596 τοῦ
2225 4554 2342 4608 009
2382 4535 2602 4637 γενικῇ

230 4609 562 4699 κέχρηνται
587 4584 660 4682 ὀι
672 4611 920 4694 Ἴωνες,
958 4605 1104 4681 οἷον
1132 4620 1250 4704 τῆς
1276 4615 1636 4706 Σαπφόος,
1669 4623 1787 4705 τῆς
1807 4614 2104 4703 Λητόος,
2140 4622 2222 4706 τῇ
2252 4615 2327 4682 δε
2357 4613 2455 4693 εἷς
2485 4637 2603 4691 ους
