3328 5326
1104 1477 1898 1591 HORATIUS.

1348 1776 1654 1784 ...ρῳ-

448 1960 563 2042 DE
617 1958 993 2043 HORATII
1043 1960 1324 2045 PRIMO
1379 1961 1734 2047 ΟΑΒΜῘΝ
1737 1962 1794 2045 Ε
1846 1960 2461 2046 DISSERTATIO.
2483 1978 2537 2060 ἥ·

515 2171 872 2244 Credendi
898 2173 1289 2246 uberrimus
1320 2177 1476 2245 fons
1503 2186 1839 2269 perpetua
1869 2175 2140 2246 iteratio
2168 2185 2297 2260 est,
2326 2196 2459 2244 nec
2489 2174 2692 2265 quid·
2709 2199 2761 2249 p·
2780 2189 2814 2235 ⁵

311 2295 515 2366 quam
566 2287 713 2347 tam
759 2278 1012 2348 falsum
1065 2288 1185 2349 aut
1233 2279 1608 2350 absurdam
1648 2280 2000 2363 inveniaS,
2053 2278 2242 2371 quod
2296 2296 2573 2371 semper
2623 2286 2694 2347 et

313 2377 566 2472 ubique
605 2379 916 2451 auditum
953 2402 1097 2452 non
1131 2403 1368 2453 verum
1409 2404 1566 2454 esse
1605 2383 1961 2467 credatur,
2015 2382 2425 2476 praesertim
2472 2381 2562 2452 ab
2611 2382 2693 2452 iis

313 2502 605 2572 quorum
639 2480 914 2555 mentes
949 2486 1055 2555 vel
1091 2506 1219 2579 per
1256 2498 1556 2583 aetatem
1592 2488 1707 2557 vel
1745 2508 1871 2581 per
1906 2507 2156 2558 sexum
2191 2487 2305 2557 vel
2343 2507 2470 2579 per
2506 2485 2692 2555 vitae

312 2605 529 2677 genus
583 2587 673 2660 ad
725 2589 1176 2682 cogitandum
1226 2590 1617 2662 imbecillae
1672 2601 1850 2663 sunt.
1946 2589 2220 2660 Accidit
2265 2611 2435 2660 vero
2484 2589 2691 2660 etiam

314 2689 627 2763 litteratis
662 2692 1082 2779 hominibus,
1112 2706 1189 2767 ut
1216 2716 1300 2766 ea
1331 2696 1583 2789 quibus
1610 2719 1653 2766 a
1680 2696 1928 2789 puerili
1958 2706 2188 2767 aetate
2216 2694 2693 2766 adsueverunt

312 2796 496 2865 omni
532 2797 791 2868 erroris
828 2798 1230 2891 suspicione
1267 2800 1556 2871 exclusa
1604 2823 1731 2893 pro
1768 2800 1955 2871 veris
2008 2799 2331 2870 habeant.
2416 2798 2693 2891 Insigne

313 2901 711 2994 exemplum
764 2902 1105 2995 praebent
1155 2903 1463 2973 carmina
1510 2904 1811 2988 Horatii,
1879 2924 2063 2995 quae
2126 2903 2313 2973 omni
2374 2912 2692 2996 tempore

315 2999 620 3074 lectitata
643 3004 1114 3096 explicamuS,
1152 3005 1537 3086 laudamus,
1577 3005 2001 3077 admiramur
2036 3016 2226 3076 tanta
2254 3005 2687 3089 credulitate,

313 3114 385 3173 ut
419 3107 632 3177 etiam
669 3107 761 3177 ad
799 3108 1056 3178 claram
1097 3108 1328 3178 lucem
1366 3110 1860 3180 caecutiamus,
1935 3107 2178 3201 Coepit
2213 3118 2446 3177 tamen
2484 3127 2694 3200 sopo-

312 3229 455 3278 rem
492 3211 702 3283 istum
740 3211 1219 3283 excuterervir
1254 3212 1437 3282 acuti
1477 3211 1748 3297 indicii,
1803 3211 1872 3281 P.
1923 3212 2220 3282 Hofman
2259 3210 2690 3302 Peerlkamp,

312 3333 729 3408 quamquam
782 3315 895 3385 ille
950 3336 1107 3385 mea
1161 3315 1506 3386 sententia
1559 3337 1745 3387 nnnc
1794 3316 2065 3408 longius
2110 3335 2319 3408 quam
2356 3335 2483 3408 par
2519 3324 2689 3396 erat,

316 3435 495 3488 nunc
531 3438 677 3488 non
713 3438 800 3488 eo
835 3439 1061 3511 usque
1098 3439 1239 3512 qno
1275 3419 1646 3512 oportebat
1682 3440 2116 3514 progressus.
2188 3418 2485 3510 Reliquit
2521 3438 2691 3488 sane

317 3517 583 3593 Vettius
620 3522 918 3616 Agorius
955 3523 1359 3607 MavortiuS,
1398 3524 1517 3615 qni
1555 3545 1632 3594 se
1662 3524 1924 3595 Horatii
1955 3522 2261 3596 carmina
2292 3533 2366 3593 ut
2392 3521 2694 3615 potuerit

317 3624 733 3697 emendasse
769 3626 1067 3721 scripsit,
1100 3627 1266 3725 vitia
1301 3648 1445 3697 non
1480 3649 1729 3721 pauca.
1808 3627 1984 3698 Nam
2021 3626 2211 3720 quod
2249 3627 2296 3695 l.
2332 3624 2401 3694 C.
2434 3623 2691 3694 Orellio

315 3724 487 3798 dixit
522 3729 595 3799 F.
642 3729 724 3799 A.
772 3729 1093 3815 WolfiuS,
1133 3729 1507 3802 duodecim
1545 3733 1695 3803 fere
1729 3731 1960 3804 nodos
1996 3733 2065 3801 in
2104 3730 2233 3800 illis
2271 3727 2692 3799 carminibus

314 3831 592 3905 relictos
629 3854 812 3916 esse,
851 3855 1046 3904 more
1085 3834 1199 3904 ille
1237 3856 1368 3906 sno
1404 3835 1590 3920 fecit,
1632 3835 2160 3907 admirationem
2190 3831 2536 3905 audientis
2561 3852 2693 3901 ex·

316 3933 667 4008 citaturus.
755 3936 868 4008 Sic
923 3960 1083 4009 eum
1135 3938 1413 4032 saepius
1451 3938 1728 4025 audivi,
1767 3939 1824 4010 si
1861 3937 1953 4010 de
1991 3937 2193 4009 novis
2231 3935 2420 4005 libris
2458 3956 2691 4007 sermo

315 4050 523 4126 esset,
564 4050 833 4112 certum
870 4063 1233 4112 numerum
1255 4095 1272 4127 ,
1311 4052 1473 4114 octo
1510 4041 1839 4136 paginas,
1895 4041 2205 4114 sedecim
2258 4057 2507 4111 versus
2563 4039 2696 4111 bo-

315 4161 464 4228 nOS,
507 4153 744 4214 cetera
778 4144 973 4214 nihili
1009 4165 1169 4215 esse
1195 4144 1454 4216 dicere.
1515 4146 1655 4217 Sed
1686 4147 1865 4218 illins
1892 4143 2210 4217 Mavortii
2237 4164 2522 4239 operam
2551 4166 2691 4215 non

317 4248 544 4358 magni
572 4248 903 4317 momenti
934 4270 1093 4319 esse
1122 4249 1325 4320 facile
1361 4251 1708 4320 assentior
1737 4248 2233 4343 Peerlkampio.
2292 4249 2533 4341 Itaque
2561 4248 2691 4318 etsi

317 4346 405 4418 de
440 4353 746 4443 genuina
782 4352 1123 4445 scriptura
1159 4373 1373 4446 saepe
1410 4353 1657 4424 incerti
1696 4375 1970 4439 sumuS,
2010 4363 2279 4436 tamen,
2332 4354 2392 4423 si
2443 4350 2690 4442 integri

318 4472 561 4526 versus
598 4453 1066 4548 strophaeque
1104 4457 1507 4549 suppositae
1536 4467 1720 4538 sunt,
1760 4467 1837 4528 ut
1864 4458 1978 4527 illa
2005 4458 2074 4526 in
2106 4455 2479 4529 undecimo
2510 4452 2688 4522 tertii

319 4608 559 4622 Μψψμ..
573 4617 621 4623 .-..

486 4691 542 4775 ³⁸¹)
582 4690 761 4754 Edita
797 4704 980 4754 esta.
1018 4695 1202 4755 1849.
1274 4668 1280 4674 ’
1350 4663 1355 4670 ι
