3328 5326
1092 367 1699 431 Ams‘rofflANsss.
2466 372 2591 434 255

245 563 412 630 HM.
434 554 524 631 α’.
571 555 896 655 στρόβει,
966 555 1362 654 παράβαινε
1428 555 1653 652 κύκλῳ
1712 560 1831 631 καὶ
1896 557 2284 655 γάστρισον

1847 662 2174 735 σεαυτόν.
2426 690 2581 761 στρ.

574 772 780 862 ρ’ἷπτε
809 766 1044 843 σκέλος
1072 762 1435 858 οὐράνιον.
1477 767 1799 858 βέμβικες
1822 770 2277 857 ἐγγενέσθων.

244 873 423 940 ΗΜ.
441 866 532 961 β’.
574 867 836 946 καύτὸς
870 868 1003 964 γὰρ
1041 869 1083 939 ὁ
1110 870 1567 965 ποντομέδων
1594 869 1770 952 ἄναξ
1806 870 2040 967 πατὴρ
2074 896 2283 966 προς·-

1842 975 2066 1068 έρπει,
2426 978 2586 1048 ἀντ.

571 1074 823 1172 ἡσθεὶς
857 1074 972 1146 ἐπὶ
1005 1079 1240 1146 τοῖσιν
1277 1079 1537 1149 ἑαυτοῦ
1573 1076 1779 1148 παισὶ
1814 1082 1968 1153 τοῖς
1993 1073 2381 1173 τριόρχοις.

245 1183 462 1249 ΧΟΡ.
576 1181 712 1249 ἀλλ’
751 1173 1037 1268 agarai,
1080 1180 1151 1249 εἴ
1175 1206 1249 1249 τι
1287 1181 1528 1272 φιλεῖτ’
1571 1175 2025 1275 ὀρχουμενοι,
2066 1178 2338 1275 θύραζε
2470 1186 2585 1254 ἐπ.
2615 1197 2712 1257 9-5

573 1281 766 1377 ἡμᾶς
801 1277 1011 1370 ταχύ.
1051 1281 1276 1354 τοῦτο
1309 1281 1441 1408 γὰρ
1482 1282 1709 1362 οὐδείς
1742 1309 1852 1354 πω
1884 1309 2114 1378 παρος
2149 1284 2501 1378 δέδρακεν,

576 1381 1012 1479 ὀρχούμενον
1050 1385 1241 1463 ὅςτις
1278 1383 1666 1481 ἀπήλλαξεν
1702 1381 1917 1481 χορὸν
1951 1387 2352 1481 τρυγῳὸὥν.

243 1487 339 1558 Sic
371 1488 542 1560 haec
581 1486 958 1559 scribenda
992 1498 1185 1573 sunt,
1237 1488 1307 1558 in
1358 1490 1612 1581 quibus
1647 1495 2133 1582 κυκλοσοβεῖτε
2178 1511 2272 1562 ex
2306 1491 2384 1562 G.
2427 1490 2596 1563 Din-

244 1590 442 1661 dorfiii
494 1592 896 1663 coniectura
947 1592 1315 1685 assumpsi.
1400 1593 1836 1666 Videbantur
1871 1593 2047 1664 baec
2083 1593 2265 1665 bene
2303 1594 2482 1668 inter
2517 1618 2597 1667 se

244 1715 604 1788 congruere
624 1750 641 1781 ,
695 1706 840 1766 tres
873 1695 1283 1776 choreutas,
1321 1697 1441 1788 qui
1476 1708 1848 1790 postquam
1884 1718 2141 1791 pueros
2177 1708 2471 1790 egerunt
2505 1699 2596 1772 ad

243 1796 543 1870 Cleonem
580 1799 886 1892 ablegati
920 1809 1103 1883 sunt,
1143 1800 1213 1869 in
1250 1797 1390 1872 fine
1417 1801 1697 1872 fabulae
1732 1809 1811 1872 ut
1837 1798 2015 1873 filios
2042 1799 2311 1872 Carcini
2342 1801 2594 1887 redire,

242 1922 444 1995 eoque
479 1902 878 1975 confirmari
922 1924 1288 1976 numerum
1338 1906 1539 1977 trium
1580 1926 1978 1999 puerorum.
2059 1905 2149 1974 Et
2198 1913 2430 1976 tamen
2482 1905 2595 1976 hic

240 2027 544 2080 numerus
581 2006 789 2078 valde
826 2017 1195 2100 suspectus
1230 2016 1358 2079 est.
1442 2007 1599 2078 Non
1655 2007 1881 2079 solum
1917 2007 2103 2078 enim
2140 2008 2260 2101 qui
2296 2008 2596 2080 dimissis

243 2109 434 2181 tribus
498 2111 736 2205 pueris
795 2111 1277 2203 relinquuntur
1336 2132 1519 2184 unus
1566 2119 1639 2182 et
1687 2109 1927 2203 viginti
1990 2132 2197 2182 senes
2250 2112 2596 2184 insolitam

242 2214 557 2303 praebent
625 2214 819 2285 chori
882 2213 1202 2308 quadrati
1265 2215 1558 2286 formam
1606 2226 1714 2285 ter
1763 2224 2128 2308 septenum
2179 2215 2287 2285 vel
2335 2216 2595 2309 septies

239 2325 488 2388 ternum
539 2318 1066 2403 choreutarum,
1119 2317 1248 2388 sed
1284 2321 1526 2404 etiam,
1573 2341 1793 2413 quum
1826 2319 1898 2390 in
1933 2340 2008 2389 re
2046 2319 2328 2389 scenica
2363 2321 2595 2394 omnia

240 2422 597 2511 aequaliter
645 2421 963 2493 distribui
1014 2443 1165 2492 mos
1205 2423 1441 2508 fuerit,
1483 2424 2008 2516 perturbaretur
2044 2423 2223 2493 iusta
2259 2444 2597 2516 persona-

239 2545 369 2593 rum
405 2526 807 2618 descriptio,
847 2526 978 2597 nisi
1015 2535 1342 2618 quattuor
1377 2526 1576 2621 pueri
1605 2527 1697 2597 ad
1726 2525 2057 2597 Cleonem
2084 2526 2593 2619 ablegarentur.

241 2624 654 2702 Conveniunt
690 2639 924 2702 autem
959 2638 1286 2723 quattuor
1322 2631 1528 2703 etiam
1568 2653 1688 2714 e0,
1736 2630 1928 2724 quod
1979 2629 2196 2703 choro
2246 2630 2316 2700 in
2352 2641 2600 2725 quater

239 2751 428 2804 senos
490 2734 709 2805 diviso
771 2734 1021 2827 singuli
1082 2733 1368 2808 ordines
1420 2758 1715 2829 puerum
1779 2757 1941 2806 cum
1993 2736 2259 2807 laterna
2309 2735 2592 2807 habent.

241 2831 531 2909 Pluribus
567 2836 852 2931 quidem
889 2860 1099 2930 quam
1135 2849 1462 2930 quattuor
1488 2839 1724 2932 pueris
1752 2838 1845 2909 ad
1870 2838 2418 2932 praelucendum
2453 2861 2599 2911 non

240 2958 396 3031 opus
430 2953 613 3026 erat,
652 2942 1070 3035 ineptusque
1109 2942 1350 3013 fuisset
1383 2951 1624 3035 poeta,
1662 2941 1723 3012 si
1760 2943 1912 3013 sine
1948 2962 2200 3015 caussa
2236 2942 2598 3015 minuisset

240 3062 582 3116 numerum
632 3067 901 3115 senum.
987 3045 1230 3136 Neque
1279 3066 1443 3116 vero
1491 3045 1832 3115 credibile
1870 3057 2007 3129 est,
2061 3045 2283 3116 solum
2321 3045 2412 3116 de
2449 3055 2596 3117 toto

239 3144 433 3219 choro
467 3160 791 3241 quartum
827 3169 1117 3242 puerum
1157 3158 1415 3219 mutam
1456 3169 1825 3241 personam
1864 3149 2116 3242 egisse.
2173 3147 2263 3217 Et
2290 3158 2398 3219 est
2432 3170 2597 3242 pro-

240 3249 405 3321 fecto
442 3254 620 3323 inter
656 3274 765 3336 ea,
804 3273 986 3345 quae
1024 3273 1229 3322 senes
1267 3253 1459 3344 loqui
1495 3252 1952 3345 putabantur,
1999 3250 2193 3345 quod
2229 3274 2448 3345 puero
2485 3252 2597 3323 isti

240 3350 526 3431 dandum
561 3355 897 3427 videatur.
956 3355 1294 3427 Mansisse
1332 3355 1537 3449 igitur
1577 3356 1647 3424 in
1684 3357 2047 3427 orchestra
2084 3355 2454 3428 credemus
2491 3355 2596 3427 vi-

239 3454 392 3546 ginti
427 3481 656 3545 senes,
693 3469 1064 3553 postquam
1098 3460 1298 3552 pueri
1333 3459 1677 3532 abierunt.

424 3564 640 3635 Venio
677 3584 863 3634 nunc
901 3562 994 3633 ad
1031 3562 1125 3647 id,
1164 3563 1358 3656 quod
1392 3563 1768 3635 ostendere
1806 3562 2150 3646 volebam,
2187 3562 2593 3657 Aristopha-

239 3683 380 3733 nem
430 3687 671 3737 omnes
720 3666 964 3761 viginti
1015 3678 1341 3760 quattuor
1390 3668 1762 3739 choreutas
1798 3666 2193 3759 singulatim
2229 3666 2592 3758 loquentes

238 3766 490 3840 fecisse.
550 3770 757 3856 Quod
795 3770 908 3840 ille
941 3771 1044 3841 sic
1075 3769 1387 3856 instituit,
1427 3781 1503 3843 ut
1530 3780 2067 3842 conservaretur
2095 3769 2403 3862 aequalis
2432 3791 2592 3863 par-

237 3867 392 3941 tium
427 3873 840 3959 distributio,
880 3884 951 3945 et
986 3876 1508 3948 consociaretur
1541 3884 1779 3945 tamen
1815 3895 1973 3944 cum
2010 3873 2332 3944 liberiore
2369 3875 2592 3943 forma

239 3971 565 4049 familiaris
615 3978 968 4071 colloquii.
1055 3980 1229 4050 Nam
1277 3980 1350 4050 in
1393 3979 1616 4096 primo
1671 3977 1977 4049 carmine
2029 3998 2068 4047 a
2122 3998 2187 4046 v.
2231 3977 2402 4048 230.
2446 3977 2589 4050 duo

239 4089 382 4148 sunt
430 4103 818 4166 sermoneS,
874 4103 1051 4154 unus
1103 4084 1424 4155 versibus
1461 4082 1773 4176 scriptus
1819 4079 2132 4151 iambicis
2174 4081 2591 4174 septenariis

239 4177 448 4254 XVIII.
478 4187 598 4278 qui.
630 4196 738 4255 est
771 4185 953 4255 inter
988 4187 1248 4279 primos
1282 4207 1415 4257 sex
1451 4185 1822 4257 choreutas
1859 4183 2145 4255 divisus.
2203 4183 2383 4256 Eum
2419 4186 2592 4256 alter

241 4302 451 4357 sermo
497 4288 788 4382 excipit,
838 4289 1107 4361 babens
1157 4311 1394 4361 versus
1441 4289 1679 4360 XXIV.
1723 4310 1816 4358 ex
1851 4287 2147 4358 dimetro
2184 4288 2485 4360 iambico
2520 4298 2592 4359 et

242 4389 571 4463 trochaico
608 4392 1054 4486 ithyphallico
1077 4447 1095 4477 ,
1151 4393 1221 4462 in
1255 4415 1395 4485 quo
1433 4393 1544 4464 alii
1582 4415 1735 4478 sex,
1773 4413 2068 4484 quorum
2105 4390 2247 4462 duo
2269 4446 2286 4477 ,
2325 4401 2404 4464 ut
2439 4392 2589 4484 opi-

240 4509 377 4575 nor,
417 4496 605 4585 pueri
640 4505 830 4580 sunt,
870 4496 1051 4566 inter
1085 4517 1163 4567 se
1200 4497 1712 4588 colloquuntur.
1796 4493 2121 4587 Sequitur
2162 4505 2412 4567 cantus
2447 4493 2587 4565 duo

239 4595 650 4688 stropharum
688 4599 879 4693 paria
917 4600 1305 4685 continenS,
1343 4600 1543 4672 cuius
1581 4601 1651 4669 in
1690 4599 1952 4671 utravis
1993 4599 2367 4692 primarum
2404 4606 2587 4667 stro-
