3328 5326
869 345 1260 420 QUARUND.
1297 347 1527 411 VERBI
1557 346 1729 409 LAT.
1766 348 1993 409 FORM.
2504 351 2624 412 423

268 537 488 607 solum
523 536 776 631 faciam
811 539 1172 632 significet.
1265 540 1677 632 Eodemque
1714 539 1949 624 mod0‚
1990 541 2047 609 si
2081 537 2266 632 fama,
2308 552 2383 611 ut
2418 551 2635 635 putat,
2671 550 2672 553 ’

268 641 353 710 ab
393 641 588 711 initio
624 642 925 735 simplex
959 646 1264 716 futurum
1302 643 1465 725 fuit,
1521 665 1661 714 non
1711 643 1933 735 potuit
1968 645 2033 713 ei
2071 664 2397 735 umquam
2434 667 2634 738 prae-

266 744 448 814 teriti
499 745 690 816 notio
743 747 1011 830 inferri,
1066 768 1273 839 quam
1328 757 1561 817 tamen
1609 746 1842 816 inesse
1899 748 2183 830 fatetur,
2230 769 2444 839 quum
2480 770 2638 819 eam

264 849 559 918 formam
585 850 801 920 etiam
828 851 1037 922 futuri
1067 850 1297 920 exacti
1326 871 1485 921 esse
1513 850 1859 921 concedit.
1911 849 2204 934 Deinde,
2235 850 2367 920 etsi
2392 873 2638 923 verum

265 962 372 1023 est
408 972 552 1022 non
590 952 729 1023 dici
765 976 1005 1047 quaeso
1044 953 1204 1048 quid
1236 952 1415 1047 faoeit
1446 975 1676 1046 neque
1705 952 1869 1024 adeo
1896 975 2161 1024 severus
2184 952 2337 1047 fait,
2367 960 2441 1022 at
2464 978 2638 1024 naa-

264 1078 465 1152 quam
516 1056 794 1142 amarit,
847 1066 1079 1128 tamen
1130 1079 1298 1129 num
1348 1057 1422 1128 id
1473 1078 1561 1129 eo
1617 1059 1875 1128 sactum
1930 1066 2069 1139 est,
2124 1057 2330 1148 quod
2357 1056 2537 1151 favit
2567 1069 2640 1129 et

263 1159 541 1231 amassit
576 1159 763 1232 aliud
799 1161 968 1253 quid
1004 1182 1212 1253 quam
1245 1159 1479 1254 fecerit
1513 1170 1583 1232 et
1618 1159 1866 1232 amarit
1898 1158 2340 1254 significent?
2412 1160 2637 1233 Credo

264 1284 400 1356 ego
437 1263 575 1334 hoc
612 1285 894 1357 quoque
933 1286 1092 1336 cum
1127 1264 1261 1334 hac
1298 1265 1709 1356 quaestione
1747 1264 2193 1335 coniunctum
2231 1284 2411 1348 esse,
2440 1275 2519 1335 ut
2542 1265 2644 1334 vi-

262 1367 581 1452 deamuS‚
620 1367 789 1460 quid
826 1390 1118 1440 caussae
1156 1369 1273 1452 sit,
1315 1378 1389 1438 ut
1427 1369 1733 1453 illorum,
1773 1389 1953 1460 quae
1990 1369 2339 1438 neminem
2377 1366 2641 1439 dixisse

262 1471 385 1554 ait,
424 1472 614 1542 nulla
651 1473 974 1565 exempla
1011 1472 1417 1555 habeamuS‚
1457 1494 1670 1564 quum
1701 1471 2107 1565 praesertim
2134 1471 2269 1540 hoc
2296 1471 2522 1541 solum
2550 1492 2645 1540 ex

262 1575 381 1658 iis,
438 1596 623 1666 quae
673 1575 1053 1646 muniendo
1105 1576 1214 1646 isti
1267 1575 1562 1668 simplici
1600 1577 1831 1646 futuro
1868 1576 2117 1660 attulit,
2157 1574 2456 1667 aliquam
2492 1575 2645 1644 veri

259 1678 575 1772 speciem
629 1679 996 1772 praebeat,
1049 1700 1274 1770 eaque
1325 1681 1476 1772 ipsa
1526 1679 1615 1749 de
1670 1700 1882 1749 causa
1919 1700 2059 1749 non
2095 1678 2315 1772 possit
2349 1699 2488 1748 non
2525 1700 2645 1748 su-

258 1790 583 1876 spectum
619 1781 856 1852 videri.
912 1783 1003 1852 Et
1029 1785 1344 1875 profecto
1373 1782 1429 1852 si
1467 1784 1573 1852 vel
1611 1783 2215 1875 grammaticorum
2252 1780 2646 1854 testimonia

257 1887 377 1957 vel
412 1895 730 1956 naturam
766 1887 1251 1978 exemplorum
1278 1877 1712 1979 respicimuS,
1743 1907 1879 1955 non
1913 1885 2003 1956 ad
2040 1886 2359 1979 simplex,
2398 1884 2525 1956 sed
2555 1884 2647 1956 ad

259 1998 594 2060 exactum
633 1989 937 2060 futurum
975 1989 1370 2062 deferimur.
1442 1989 1886 2060 Grammatici
1923 1989 2109 2060 enim
2157 1986 2342 2083 (nam
2377 1988 2649 2059 Phocas

262 2102 385 2165 aut
432 2089 767 2163 Alcuinus
816 2094 1166 2163 neminem
1215 2091 1621 2187 morabitur)
1670 2102 2074 2163 constanter
2104 2092 2269 2186 samo
2306 2093 2648 2185 interpre-

260 2205 500 2268 tantur
531 2194 784 2289 fecer0‚
839 2206 909 2267 et
944 2206 1179 2267 cetera
1217 2198 1558 2280 similiter,
1597 2207 1876 2290 praeter
1912 2198 2137 2268 solum
2176 2195 2397 2281 aas-ia,
2449 2197 2646 2268 cuius

258 2308 686 2394 potestatem
722 2299 1160 2371 declarantes
1198 2299 1448 2372 audeas
1498 2310 1804 2394 ponunt,
1854 2312 1929 2372 ut
1964 2300 2209 2371 Festus
2247 2309 2319 2369 et
2353 2299 2649 2370 Priscia-

259 2426 398 2476 nus
441 2426 508 2495 p.
555 2405 725 2473 868.
771 2404 934 2495 quia
985 2405 1053 2473 in
1101 2404 1492 2475 istiusmodi
1549 2405 1857 2475 formulis
1911 2404 2220 2497 passiva,
2277 2404 2483 2495 quale
2540 2411 2650 2473 est

261 2530 472 2579 ausas
505 2505 622 2590 sis,
659 2507 888 2578 minus
923 2517 1084 2578 sunt
1120 2507 1394 2578 usitata.
1479 2508 1694 2579 Usum
1732 2517 1963 2578 autem
1999 2507 2646 2590 si·consideramuS‚

259 2621 331 2683 et
403 2610 821 2683 indicativus
887 2621 959 2682 et
1018 2612 1493 2684 coniunctivus
1558 2612 1968 2706 plerumque
2039 2621 2277 2706 aperte
2341 2612 2648 2683 futurum

259 2725 594 2786 exactum
633 2714 1047 2806 significant,
1087 2718 1274 2789 nullo
1312 2725 1543 2788 autem
1582 2717 1651 2785 in
1688 2717 1846 2786 loco
1885 2738 2042 2786 eam
2070 2714 2648 2808 significationem

258 2842 406 2891 non
459 2818 848 2889 admittunt.
932 2819 1044 2891 Ad
1089 2820 1225 2890 hoc
1278 2820 1583 2902 accedit,
1633 2819 1824 2912 quod
1863 2843 2075 2911 quum
2117 2823 2343 2891 futura
2382 2818 2649 2888 infinita

261 2922 454 3018 apud
500 2922 779 2992 Latinos
831 2944 973 2992 non
1018 2925 1239 3014 magis
1291 2945 1500 3014 quam
1552 2923 1740 3015 apud
1777 2923 2082 2993 Graecos
2129 2923 2648 2992 coniunctivum

260 3027 598 3108 habeant,
637 3047 866 3117 eoque
902 3047 994 3095 ne
1030 3026 1388 3117 indigeant
1414 3025 1722 3117 quidem,
1753 3047 1895 3094 non
1924 3027 2149 3095 solum
2178 3025 2511 3094 abnorme
2541 3026 2648 3093 fo-

260 3141 373 3201 ret
422 3132 727 3199 futurum
777 3129 1190 3200 coniunctivi
1241 3131 1462 3200 forma
1513 3129 1958 3199 instructum:
2028 3150 2109 3198 ac
2177 3130 2429 3198 fatetur
2497 3128 2646 3219 ipse

263 3257 332 3327 p.
382 3236 504 3303 99.
551 3232 935 3304 inauditum
972 3233 1108 3303 hoc
1145 3234 1234 3303 ad
1271 3253 1479 3303 aures
1515 3232 1870 3315 accidere,
1922 3232 2046 3301 sed
2101 3232 2443 3324 parituras
2482 3230 2652 3301 dicit

262 3336 574 3408 veritati:
656 3336 784 3407 sed
855 3336 1068 3408 etiam
1144 3335 1435 3429 intelligi
1517 3358 1655 3406 non
1736 3346 2013 3429 posset,
2093 3357 2232 3428 quo
2312 3334 2526 3405 modo
2588 3334 2648 3402 is

264 3440 787 3522 coniunctivuS‚
858 3441 977 3533 qui
1027 3463 1159 3511 usu
1207 3440 1376 3510 nihil
1424 3461 1712 3534 prorsus
1767 3461 1808 3509 a
1860 3437 2305 3510 coniunctivo
2358 3437 2649 3531 perfecti

264 3546 721 3636 discreparet.
766 3545 968 3615 futuri
1008 3545 1491 3615 coniunctivus
1529 3566 1688 3614 esse
1727 3543 2123 3614 censendus
2162 3552 2369 3612 esset.
2444 3540 2649 3626 Quod

263 3650 323 3720 si
360 3650 583 3718 forma
623 3669 904 3739 quoque
941 3658 1011 3718 et
1048 3648 1393 3718 indicativi
1430 3657 1504 3717 et
1540 3648 2000 3731 coniunctivi‚
2056 3645 2649 3739 quemadmodum

261 3773 478 3846 supra
531 3752 992 3836 ostendimuS‚
1042 3774 1182 3822 non
1235 3763 1344 3822 est
1390 3774 1431 3821 a
1474 3751 1721 3845 secero,
1771 3750 2067 3845 feceri-m,
2114 3750 2249 3820 nisi
2298 3750 2582 3841 antiquo
2618 3772 2651 3820 8

261 3878 393 3950 pro
433 3855 824 3925 recentiore
860 3878 897 3923 r
933 3856 1237 3933 diversa.
1297 3855 1464 3947 quid
1511 3855 1696 3926 aliud
1738 3876 1947 3946 quam
1986 3855 2230 3924 falsam
2268 3875 2427 3923 esse
2464 3853 2653 3921 illam

263 3959 667 4054 opinionem
716 3958 1217 4042 iudicabimuS‚
1272 3979 1409 4050 qua
1459 3959 1758 4052 simplex
1811 3960 2115 4029 futurum
2157 3956 2345 4050 sama,
2400 3955 2652 4026 levasso

266 4063 778 4147 introducatur,
833 4062 1046 4154 idque
1090 4061 1344 4156 faciam
1397 4072 1466 4132 et
1514 4060 1740 4132 levabo
1794 4063 2024 4154 potius
2074 4082 2280 4151 quam
2326 4057 2545 4153 fecero
2581 4068 2656 4128 et

268 4166 564 4238 levavero
602 4164 997 4258 significare
1043 4166 1526 4236 existimetur?
1605 4166 1787 4249 Quin
1838 4167 2006 4234 faxo
2043 4163 2327 4255 quidem
2367 4164 2514 4257 ipse
2552 4164 2655 4232 fa-

267 4279 449 4342 tetur
501 4293 566 4363 p.
615 4270 733 4341 75.
777 4291 903 4362 pro
954 4271 1182 4340 futuro
1243 4278 1497 4340 exacto
1562 4269 1757 4362 poni,
1822 4277 1899 4338 ut
1964 4267 2151 4360 apud
2203 4267 2517 4338 Plautum
2581 4266 2650 4334 in

266 4372 520 4445 Bacch.
552 4373 659 4443 IV.
694 4377 763 4457 8,
799 4376 863 4443 6.

469 4499 631 4546 nam
661 4499 869 4570 aeque
907 4472 1189 4545 Bellona
1223 4475 1319 4545 mi
1352 4497 1671 4569 amquam
1705 4497 1919 4567 neque
1958 4472 2145 4544 Mars
2185 4474 2479 4556 credaat,

471 4578 546 4649 ai
577 4579 770 4650 illam
807 4577 1256 4650 eoeanimalem
1286 4578 1474 4672 samo,
1513 4578 1574 4649 si
1611 4599 2000 4663 convenere,
