3328 5326
1234 362 1638 428 PlNDAcRUS.
2551 364 2621 426 74

417 555 801 645 Σωκλείδα,
845 556 924 633 ὃς
958 557 1367 652 ὑπέρτατος.

405 654 861 754 Ἁγησιμάχῳ
896 660 1105 730 υἱέων
1139 661 1403 750 γένετο,

410 828 561 899 ἐπεί
595 836 665 900 οἱ
698 835 887 925 τρεῖς
923 825 1358 926 ἀεθλοφόροι
1391 830 1569 927 πρὸς
1606 831 1828 928 ἄκρον
1858 830 2112 927 ἀρετᾶς
2374 856 2523 925 στρ.
2543 827 2631 921 β’.

410 928 664 1028 ἦλθον,
708 941 790 1003 οἵ
812 962 890 1005 τε
924 928 1161 1004 πόνων
1197 928 1596 1025 ἐγεύσαντο.
1660 935 1792 1007 σὺν
1824 934 2004 1008 θεοῦ
2041 932 2115 1005 δὲ
2148 930 2332 1025 τύχᾳ

271 1035 357 1106 25
411 1039 651 1130 ἕτερον
688 1037 773 1107 οὔ
809 1063 972 1108 τινα
1008 1033 1202 1110 οἶκον
1239 1033 1652 1132 ἀπεφάνατο
1692 1034 2053 1130 πυγμαχία
2087 1032 2394 1108 πλεόνων

408 1137 681 1228 ταμίαν
713 1135 1080 1232 στεφάνων
1113 1142 1314 1232 μυχῷ
1345 1140 1677 1218 ‘Enniano
1714 1137 2014 1218 ἁπάσας.

411 1239 711 1333 ἔλπομαι
743 1245 922 1334 μέγα
956 1242 1168 1313 εἰπών
1207 1245 1471 1314 σκοποῦ
1509 1243 1691 1315 ἄντα
1723 1250 1981 1333 τυχεῖν,

414 1341 525 1414 ὦτ’
569 1344 709 1415 ἀπὸ
744 1344 957 1429 τόξου
997 1344 1146 1423 ἱείς.
1205 1345 1442 1417 εὔθυν’
1483 1346 1597 1419 ἐπὶ
1632 1347 1916 1433 τοῦτον,
1959 1345 2104 1437 ἄγε,
2144 1348 2436 1433 Μοῖσα,

412 1441 630 1542 οὖρον
667 1451 886 1520 ε’πέων
923 1449 1188 1519 εὐκλέα.
1249 1451 1789 1545 παροιχομένων
1823 1449 1957 1545 γάρ
1997 1450 2262 1544 ἀνέρων
2653 1453 2753 1515 Μ

270 1620 354 1688 30
411 1619 647 1690 ἀοιδαὶ
683 1620 800 1691 καὶ
833 1617 1031 1711 λόγοι
1063 1617 1154 1689 τά
1188 1618 1364 1693 καλά
1403 1647 1573 1715 σφιν
1609 1621 1740 1718 ἔργ’
1781 1617 2141 1713 ἐκόμισαν,
2363 1621 2515 1691 ἀντ.
2534 1616 2628 1712 β’.

410 1722 889 1794 Βασσίδαισιν
927 1722 976 1793 ἅ
1008 1722 1061 1792 τ’
1105 1725 1191 1792 οὐ
1232 1722 1569 1810 σπανίζει.
1629 1724 2076 1818 παλαίφατος
2109 1719 2339 1814 γενεά,

413 1826 558 1895 ἴδια
590 1829 1130 1902 ναυστολέοντες
1162 1822 1536 1918 ἐπικώμια,
1580 1826 1938 1922 Πιερίδων
1975 1823 2271 1922 ἀρόταις

410 1929 703 1999 δυνατοὶ
738 1931 1063 2023 παρέχειν
1098 1930 1321 2001 πολὺν
1354 1931 1583 2022 ὕμνον
1621 1926 1991 2025 ἀγερώχων

409 2026 777 2126 ἑργμάτων
814 2035 1059 2103 ἕνεκεν.
1104 2033 1221 2103 καὶ
1254 2032 1386 2128 γὰρ
1423 2039 1497 2105 ἐν
1534 2034 1811 2128 ἀγαθέᾳ

273 2134 356 2203 35
408 2140 643 2228 χεῖρας
681 2130 929 2226 ἱμάντι
965 2134 1191 2211 δεθεὶς
1228 2137 1539 2209 Πυθῶνι
1575 2132 1923 2234 κράτησεν
1959 2135 2100 2207 ἀπὸ
2136 2133 2404 2214 ταύτας

410 2242 661 2329 αἵματι
694 2233 973 2333 πάτρας
1007 2234 1594 2332 χρυσοπλοκάμου
1627 2240 1803 2312 ποτὲ
1835 2236 2154 2317 Καλλίας
2192 2237 2378 2310 ἀδών

410 2408 637 2503 ἔρνεσι
670 2409 994 2498 Λατοῦς,
1036 2410 1231 2504 παρὰ
1264 2409 1646 2504 Κασταλίᾳ
1680 2438 1758 2484 τε
1790 2410 2098 2507 χαρίτων
2418 2405 2631 2502 ἑπ.β’.

409 2512 727 2605 ἑσπέριος
762 2506 1005 2604 ὁμάδῳ
1045 2516 1315 2605 φλέγεν·

428 2785 528 2864 23)
573 2786 639 2848 Si
680 2784 986 2849 Pindarus
1005 2834 1022 2863 ,
1072 2798 1144 2850 ut
1189 2788 1373 2867 vulgo
1417 2790 1675 2869 legitur,
1729 2782 1884 2851 ἐπεὶ
1924 2779 1995 2849 οἱ
2033 2786 2218 2871 τρεῖς
2258 2789 2628 2866 scripsisset,

272 2873 470 2935 ultima
500 2874 568 2931 in
600 2865 755 2934 ἐπεὶ
783 2874 1217 2953 corriperetur.
1298 2874 1478 2947 Quod
1507 2876 1574 2935 in
1603 2874 1851 2937 scholiis
1892 2875 2136 2954 legitur,
2191 2861 2452 2956 ὄρθρον
2493 2866 2637 2936 ἐστὶ

266 2952 337 3020 τὸ
380 2950 445 3020 οἳ
474 2948 626 3020 ἀντὶ
667 2958 791 3019 τοῦ
828 2959 950 3060 τῷ,
999 2970 1358 3039 corruptum
1404 2960 1687 3039 videtur,
1740 2960 2060 3040 scribique
2115 2959 2445 3022 debuisse:
2513 2950 2635 3021 οὐκ

263 3032 510 3128 ἶίρθρον
541 3038 683 3106 ἐστὶ
712 3037 791 3106 τὸ
820 3063 921 3119 οι,
950 3035 1093 3107 ἀλλ’
1127 3038 1508 3127 ἀντωνυμία
1537 3038 1688 3111 ἀντὶ
1715 3047 1839 3109 τοῦ
1870 3038 2074 3131 αὐτῷ.

427 3130 530 3211 28)
562 3133 808 3193 Frustra
831 3132 1198 3195 coniecturis
1220 3143 1484 3195 vexatus
1515 3143 1610 3196 est
1636 3135 1738 3195 hic
1768 3150 2008 3204 versuS,
2046 3134 2155 3212 qui
2183 3133 2419 3211 pariter
2447 3138 2633 3212 atque

269 3235 476 3279 versus
508 3218 610 3277 58.
648 3236 761 3295 pro
806 3237 1021 3280 norma
1054 3238 1191 3281 esse
1223 3219 1531 3298 debebat,
1571 3221 1653 3283 ad
1685 3238 1873 3300 quam
1921 3219 2202 3280 omnium
2233 3220 2440 3280 exitus
2470 3227 2635 3278 stro-

261 3302 515 3382 pharum
547 3304 1053 3366 conformaretur.

430 3389 528 3471 30)
564 3391 892 3469 Vulgatum
939 3400 1070 3452 erat
1109 3382 1339 3454 ἀοιδοὶ
1383 3386 1500 3455 καὶ
1544 3387 1786 3474 λόγιοι.
1880 3392 2256 3453 Restitutum
2304 3398 2397 3452 est
2440 3380 2635 3471 λόγοι

262 3494 338 3536 ex
380 3475 506 3537 cod.
544 3474 702 3556 Aug.
740 3478 954 3556 Itaque
993 3479 1179 3540 etiam
1225 3468 1462 3540 ἀοιδαὶ
1490 3498 1570 3541 ex
1601 3478 1838 3540 Pauwii
1869 3475 2303 3539 emendatione
2347 3474 2636 3539 scriben-

260 3561 407 3622 dum
435 3562 567 3623 fuit.

425 3647 523 3720 36)
563 3647 732 3709 Libri
775 3638 917 3710 ἀπὸ
960 3646 1208 3723 ταύτας
1252 3634 1423 3729 αἷμα
1466 3646 1752 3734 πάτρας.
1853 3650 2259 3713 Scholiastes:
2324 3637 2463 3709 ἀπὸ
2513 3645 2635 3729 τῆς

260 3723 457 3818 αὐτῆς
485 3728 572 3798 ὢν
602 3727 956 3817 πατρίδος,
992 3725 1143 3820 ἤτοι
1170 3736 1288 3820 τῆς
1313 3728 1624 3821 Αἰγίνης.
1698 3738 1833 3799 Non
1864 3746 2032 3798 recte
2063 3736 2163 3797 hic
2190 3733 2427 3813 Aegina
2459 3750 2634 3792 com-

260 3831 724 3901 memoraretur,
776 3822 887 3883 ubi
932 3826 1138 3898 potius
1178 3842 1330 3905 gens
1362 3824 1761 3885 Bassidarum
1793 3823 2171 3885 nominanda
2202 3828 2352 3883 erat.
2421 3817 2628 3898 Atque

255 3907 411 3968 alius
463 3910 847 3971 scholiastes:
911 3902 1050 3971 ἀπὸ
1099 3910 1215 3993 τῆς
1257 3900 1462 3993 αὐτῆς
1503 3901 1880 3993 συγγενείας
1923 3899 2014 3969 ὢν
2055 3902 2172 3969 καὶ
2214 3896 2544 3989 πατρίδος
2589 3896 2629 3966 ὃ

255 3987 575 4069 Καλλίας.
626 3997 747 4068 Qui
778 3996 832 4056 si
861 3988 1193 4078 πατρίδος
1220 3996 1529 4076 legerunt,
1562 4004 1756 4058 metro
1781 3995 2034 4075 quidem
2059 3992 2441 4056 satisfactum
2466 4000 2618 4053 erat.

257 4078 380 4140 Sed
422 4099 607 4160 quum
652 4091 898 4162 gentem
944 4100 1071 4143 non
1101 4083 1294 4143 soleat
1322 4083 1627 4145 Pindarus
1666 4074 1968 4164 πατρίδα
1999 4098 2252 4158 vocare,
2289 4078 2627 4140 tenendam

253 4164 519 4228 iudicavi
558 4169 856 4230 librorum
903 4170 1294 4249 scripturam,
1348 4178 1582 4231 mutato
1623 4178 1868 4231 tantum
1915 4153 2085 4247 αἷμα
2127 4167 2193 4227 in
2241 4160 2505 4245 αἵματι,
2556 4173 2629 4226 ut

257 4252 381 4311 iam
425 4253 561 4314 olim
605 4255 1005 4317 scribendum
1054 4255 1295 4315 censui.
1363 4257 1463 4317 Sic
1506 4264 1759 4334 propter
1804 4257 2170 4333 sanguinem
2215 4253 2381 4313 illius
2424 4252 2630 4330 gentis

253 4347 536 4417 acceptus
565 4340 832 4419 Apollini
856 4344 1211 4420 Dianaeque
1242 4338 1471 4403 dicitur
1499 4342 1749 4404 Callias·
1800 4340 2033 4402 Eodem
2064 4342 2132 4400 in
2161 4358 2352 4402 versu
2379 4356 2624 4417 χρυσα-

257 4417 579 4501 λακάτου,
626 4427 858 4489 librarii
903 4428 1168 4489 alicuius
1213 4444 1419 4489 errore
1461 4429 1738 4501 illatum,
1789 4428 2163 4489 commutavi
2204 4444 2345 4489 cum
2383 4440 2623 4506 χρυσο-

250 4504 621 4589 πλοκάμου.
688 4515 792 4575 Sic
820 4516 880 4575 in
913 4516 1144 4596 hymno
1174 4515 1493 4576 Homerico
1522 4513 1827 4593 Apollinis
1857 4533 1916 4573 V.
1952 4514 2097 4575 205.

577 4597 787 4683 Λητώ
811 4620 884 4662 τε
912 4590 1469 4683 χρυσοπλόκαμος
1496 4596 1611 4663 καὶ
1639 4592 1922 4684 μητίετα
1950 4593 2144 4674 Ζεύς.
