3328 5326
1301 372 1707 437 PlNDARUS.
2607 373 2688 436 77

318 589 503 655 μονα
552 568 622 641 ἐς
671 564 879 655 ὄλβον
926 563 1088 635 τινὰ
1133 564 1431 660 τρόποιο
1492 563 1796 662 Θήβαις,
1846 592 1899 635 ω
1948 561 2247 652 πότνια,
2308 562 2686 655 πάγκοινον
2767 626 2772 631 .

319 669 521 761 τέρας
572 669 880 757 πολέμου
945 668 1050 744 ὁίς
1103 668 1253 759 ἅμα
1303 671 1533 763 φέρεις
1589 668 1826 756 τινός,
1880 668 1924 764 ἢ
1976 667 2248 762 καρποῦ
2317 667 2601 759 φθίσιν,
2638 669 2682 765 ἢ

318 769 612 861 νιφετοῦ
663 770 916 847 σθένος
968 771 1415 866 ὑπέρφατον,
1469 770 1514 868 ἢ
1566 770 1817 843 στάσιν
1866 772 2312 866 οὐλομένην,
2339 769 2380 865 ἢ
2415 764 2682 842 πόντου

313 871 638 942 κενεῶσιν
675 872 843 943 ἀλλὰ
879 874 1090 943 πέδον
1124 873 1169 969 ἢ
1205 874 1507 964 παγετὸν
1539 874 1830 964 χθονὸς,
1874 873 1917 969 ἢ
1955 870 2197 944 νότιον
2230 875 2445 968 θέρος
2479 873 2683 944 ὕδατι

312 972 577 1069 ζακόρῳ
635 973 865 1069 ἱερὸν,
918 976 961 1072 ἢ
1005 982 1213 1065 γαῖαν
1264 975 1754 1049 κατακλύσασα
1808 972 2015 1073 θήσει
2074 977 2347 1070 ἀνδρῶν
2395 976 2554 1046 νέον
2612 981 2682 1058 ἐξ

312 1079 530 1172 ἀρχῆς
563 1078 761 1178 γένος
798 1080 1019 1171 ὀλοφυ
1064 1135 1077 1148 .
1115 1135 1128 1149 .
1165 1135 1178 1148 .
1217 1134 1231 1148 .
1264 1077 1549 1151 πάντων
1583 1080 2122 1172 μεταπείσομαι.
2207 1078 2680 1150 Considerabo

311 1181 618 1272 singula,
683 1201 768 1250 ac
830 1182 1052 1273 primo
1117 1183 1331 1253 haec:
1398 1183 1473 1253 τί
1531 1181 1901 1255 πολύσκοπ’
1966 1183 2137 1277 ἐμῆς
2191 1183 2337 1254 θεῶ
2389 1184 2458 1273 μ’
2513 1181 2678 1276 ἄτερ

308 1282 692 1375 ὀμμάτων,
751 1284 818 1352 in
855 1286 1106 1376 quibus
1159 1296 1236 1358 ut
1282 1287 1629 1358 infelicem
1684 1285 2104 1356 emendandi
2168 1296 2495 1356 conatum
2545 1285 2673 1357 los.

308 1386 639 1479 Scaligeri
698 1398 1168 1480 praeteream,
1208 1390 1601 1463 laudandus
1655 1399 1764 1460 est
1812 1391 1859 1458 I.
1901 1389 1978 1458 G.
2032 1388 2522 1473 Schneiderus‚
2561 1389 2679 1479 qui

306 1491 487 1560 hanc
546 1511 686 1560 non
723 1491 1075 1584 indignam
1116 1493 1411 1564 Pindaro
1460 1495 1872 1588 scripturam
1918 1493 2309 1586 proposuit:
2358 1490 2434 1562 τί
2465 1486 2679 1563 πολύ-

307 1619 569 1664 σκοπον
606 1593 1060 1690 ἐρημώσαισα
1085 1599 1349 1691 μέτρον
1386 1596 1748 1689 ὀμμάτων.
1817 1596 1988 1666 Nam
2028 1596 2182 1687 quis
2209 1617 2350 1666 non
2384 1597 2677 1665 fateatur

304 1697 751 1768 obscuratum
776 1700 995 1768 solem
1014 1701 1367 1792 aptissime
1385 1701 1523 1772 dici
1557 1702 1888 1773 deserere
1916 1700 2327 1770 immensum
2351 1698 2674 1792 spatium,

304 1800 493 1893 quod
546 1802 946 1873 contuendo
996 1805 1385 1889 emetiatur,
1437 1815 1769 1896 recteque
1822 1803 1988 1875 illud
2042 1803 2339 1896 spatium
2392 1812 2677 1895 propter

305 1926 535 1975 rerum
573 1905 644 1973 in
681 1904 878 1975 coelo
903 1926 984 1975 ac
1024 1915 1207 1978 terra
1236 1909 1767 2001 conspicuarum
1797 1906 2304 1979 multitudinem
2341 1916 2413 1977 et
2448 1906 2677 1977 varie-

303 2018 512 2078 tatem
568 2008 902 2101 appellari
951 2010 1261 2102 potuisse
1312 2007 1803 2082 πολύσκοπονῗ)
1886 2011 1989 2081 Ac
2042 2019 2394 2094 senserat,
2435 2010 2671 2095 cred0‚

304 2110 772 2182 Schneiderus
811 2112 1216 2185 insolentius
1253 2116 1470 2185 solem
1505 2115 1636 2187 isto
1677 2114 1955 2185 nomine
1991 2114 2253 2197 vocari,
2292 2113 2408 2203 qui
2445 2114 2673 2205 potius

304 2226 373 2287 ut
407 2215 643 2285 omnia
674 2215 923 2286 videns
953 2226 1161 2308 atque
1191 2218 1482 2289 audiens
1519 2212 1921 2295 πάνσκοπος
1948 2216 2302 2287 videretur
2331 2216 2670 2287 dicendus

303 2321 532 2391 fuisse.
634 2319 884 2391 Verum
936 2319 1113 2391 haec
1151 2321 1434 2413 quidem
1484 2320 1825 2393 dubitatio
1853 2320 2029 2390 solvi
2065 2328 2296 2412 potest
2331 2341 2443 2403 eo,
2482 2319 2672 2409 quod

300 2422 649 2495 Hesiodus
710 2423 780 2492 in
844 2423 1242 2516 Theogonia
1302 2451 1358 2494 v.
1434 2424 1604 2497 4511.
1675 2433 1746 2494 et
1811 2424 1979 2495 756.
2091 2422 2430 2495 Auroram
2494 2422 2671 2494 dixit

297 2529 737 2621 πολυδερκέα.
827 2529 1134 2621 Μέτρον
1171 2538 1245 2601 ut
1280 2528 1618 2598 scriberet
1667 2527 2013 2599 adductus
2058 2536 2166 2597 est
2204 2526 2669 2598 Schneiderus

301 2632 592 2725 epistola
634 2629 1051 2716 Philostrati,
1092 2631 1181 2702 de
1220 2653 1357 2724 qua
1405 2632 1583 2706 infra
1620 2631 1910 2704 dicetur.
1993 2630 2497 2702 Schneiderum
2535 2651 2669 2723 ego

298 2747 603 2820 secutuS,
625 2757 838 2826 quum
856 2736 1149 2827 primum
1167 2737 1441 2808 Pindari
1461 2738 1852 2829 fragmenta
1881 2745 2273 2820 tractarem,
2291 2729 2663 2804 πολύσκοπ’

295 2843 746 2936 ἐρημωθεῖσα
804 2839 997 2932 μέτρ’
1064 2834 1429 2931 ὀμμάτων,
1496 2851 1571 2912 ut
1631 2840 1822 2931 quod
1869 2839 2148 2932 propius
2214 2838 2304 2909 ad
2356 2837 2667 2908 vitiatam

296 2943 706 3036 scripturam
775 2942 1179 3027 accederet,
1235 2965 1638 3036 posueram3
1712 2953 1953 3036 postea
2014 2951 2247 3013 autem
2308 2941 2666 3012 meliorem

295 3046 457 3116 mihi
507 3044 805 3116 videbar
850 3046 1027 3115 viam
1073 3046 1458 3130 invenisse,
1497 3047 1557 3117 si
1607 3047 2028 3117 scriberetur
2076 3042 2444 3118 πολύσκοπ’
2503 3043 2663 3133 ἐμοὶ

296 3150 489 3221 θοῶν
516 3150 711 3243 μέτρ’
735 3142 1079 3239 ὀμμάτων
1101 3148 1367 3243 ἄστρον
1396 3150 1791 3245 ὑπέρτατον
1811 3154 1885 3221 ἐν
1904 3149 2136 3243 ἁμέρᾳ
2167 3141 2657 3237 κλεπτόμενον,

297 3274 427 3344 quo
478 3252 674 3323 visus
723 3252 830 3321 sui
882 3252 1144 3323 ambitu
1191 3253 1449 3348 privari
1500 3252 1604 3324 sol
1639 3251 2012 3330 diceretur.
2103 3249 2201 3323 Ac
2255 3250 2395 3322 dici
2429 3249 2502 3321 id
2541 3269 2665 3341 po-

297 3357 505 3428 tuisse
559 3353 986 3426 concedetur
1038 3358 1363 3427 fortasse:
1414 3377 1649 3428 verum
1688 3366 1759 3427 et
1813 3356 1973 3428 huic
2011 3355 2454 3428 coniecturae
2490 3361 2563 3424 et
2597 3352 2664 3422 ei

296 3481 497 3552 quam
550 3456 633 3527 A.
708 3458 1096 3530 Boeckhius
1147 3461 1432 3553 protulit
1480 3460 1733 3551 aliique
1779 3459 2247 3543 adsciverunt,
2286 3480 2499 3549 quum
2552 3457 2663 3526 illa

295 3563 435 3656 ipsa
474 3561 868 3633 Philostrati
918 3563 1243 3656 epistola,
1272 3586 1367 3634 ex
1419 3586 1557 3656 qua
1593 3565 1882 3656 petitum
1919 3573 2026 3634 est
2059 3563 2307 3656 μέτρα,
2350 3572 2493 3632 tum
2530 3559 2661 3629 Ar-

297 3667 606 3737 meniaca
669 3666 1145 3758 interpretatio
1220 3667 1523 3740 Philonis
1585 3668 1862 3742 videtur
1925 3666 2279 3758 refragari.
2374 3662 2659 3755 Scripsit

298 3780 521 3842 autem
550 3769 972 3841 Boeckhius:
1014 3769 1112 3859 τί,
1154 3765 1557 3858 πολύσκοπ’,
1591 3776 1796 3862 ἐμαῖς
1828 3772 2033 3847 θέαις
2058 3770 2248 3862 μέτρ’
2282 3759 2649 3857 ὀμμάτων,
2672 3793 2724 3845 p.
2744 3782 2774 3829 5

297 3874 473 3966 quod
532 3873 1024 3966 interpretatus
1088 3883 1225 3944 est:
1279 3897 1316 3945 ο
1365 3873 1778 3958 multitatem,
1832 3873 2003 3945 visui
2067 3894 2208 3942 meo
2259 3891 2483 3940 rerum
2533 3867 2658 3939 ad-

295 3976 744 4071 spectabilium
778 3998 1111 4048 mensura.
1186 3978 1627 4074 Receperunt
1676 3977 1814 4048 hoc
1850 3977 1903 4047 J.
1945 3977 2023 4047 G.
2064 3973 2549 4046 Donaldsonus
2586 3982 2658 4043 et

298 4080 408 4149 Th.
451 4081 806 4173 BergkiuS.
895 4080 1302 4151 Alexander
1337 4082 1583 4174 Negris
1634 4089 1866 4154 autem
1917 4077 2275 4149 debilitata
2310 4076 2656 4150 sententia

300 4183 487 4254 dedit
529 4184 720 4275 ἐμῶν
757 4194 844 4273 ’γε
884 4183 1149 4277 μέτρον
1202 4183 1586 4274 ὀμμάτων,
1639 4205 1772 4256 nec
1816 4185 2104 4255 multum
2152 4180 2412 4267 differt,
2463 4179 2654 4272 quod

295 4285 364 4356 L.
403 4287 718 4357 Dissenio
753 4286 1033 4379 placuit,
1072 4286 1234 4380 ἐμοὶ
1281 4288 1457 4364 θέας
1487 4289 1679 4381 μέτρ’
1726 4286 2067 4380 ὄμμασιν.
2155 4285 2414 4362 Harum
2450 4284 2655 4376 igitur

298 4391 840 4461 coniecturarum
888 4390 1197 4460 omnium
1241 4390 1397 4460 fons
1450 4401 1557 4461 est
1607 4390 1901 4483 epistola
1952 4382 2340 4460 Philostrati
2389 4386 2645 4458 LXXII.
2749 4377 2756 4390 ¹

297 4491 366 4561 in
389 4516 521 4586 qua
546 4493 813 4584 mulieri
839 4493 1173 4585 scriptum
1200 4492 1595 4585 legebatur:
1626 4491 1900 4566 κάκεῖνό
1928 4519 2064 4564 που
2092 4519 2271 4568 κατα
2275 4490 2651 4612 ἡ,Πίνδαρον

296 4594 381 4665 τὸ
418 4593 543 4694 τὴν
590 4598 838 4667 ἀκτῖνα
878 4596 1012 4694 τήν
1063 4594 1203 4667 ἀπὸ
1242 4596 1369 4667 σοῦ
1398 4597 1733 4694 πηδῶσαν
1769 4591 1950 4667 εἶναι
1983 4597 2125 4668 τῶν
2160 4595 2348 4688 ἐμῶν
2376 4593 2652 4683 ὀφθαλμ-
