<?xml version="1.0" encoding="UTF-8"?>
<!DOCTYPE html PUBLIC "-//W3C//DTD XHTML 1.0 Transitional//EN"
    "http://www.w3.org/TR/xhtml1/DTD/xhtml1-transitional.dtd">
<html xmlns="http://www.w3.org/1999/xhtml" xml:lang="en" lang="en">
 <head>
  <title>
</title>
<meta http-equiv="Content-Type" content="text/html;charset=utf-8" />
  <meta name='ocr-system' content='tesseract 3.04.00' />
  <meta name='ocr-capabilities' content='ocr_page ocr_carea ocr_par ocr_line ocrx_word'/>
</head>
<body>
  <div class='ocr_page' id='page_1' title='image "./godofrediherman02hermgoog/godofrediherman02hermgoog_0337.png"; bbox 0 0 3328 5326; ppageno 0'>
   <div class='ocr_carea' id='block_1_1' title="bbox 1183 371 2623 437">
    <p class='ocr_par' dir='ltr' id='par_1_1' title="bbox 1183 371 2623 437">
     <span class='ocr_line' id='line_1_1' title="bbox 1183 371 2623 437; baseline 0.002 -4"><span class='ocrx_word' id='word_1_1' title='bbox 1183 371 1439 435; x_wconf 77' lang='lat' dir='ltr'>THEOC</span> <span class='ocrx_word' id='word_1_2' title='bbox 1448 374 1694 435; x_wconf 76' lang='lat' dir='ltr'><strong>RITUS.</strong></span> <span class='ocrx_word' id='word_1_3' title='bbox 2497 376 2533 436; x_wconf 85' lang='lat'><strong>3</strong></span> <span class='ocrx_word' id='word_1_4' title='bbox 2545 377 2571 435; x_wconf 68' lang='grc'><strong>4</strong></span> <span class='ocrx_word' id='word_1_5' title='bbox 2584 378 2623 437; x_wconf 85' lang='grc'>9</span> 
     </span>
    </p>
   </div>
   <div class='ocr_carea' id='block_1_2' title="bbox 261 560 1791 864">
    <p class='ocr_par' dir='ltr' id='par_1_2' title="bbox 261 560 1791 864">
     <span class='ocr_line' id='line_1_2' title="bbox 264 560 1772 659; baseline -0.001 -24"><span class='ocrx_word' id='word_1_6' title='bbox 264 560 416 635; x_wconf 75' lang='lat' dir='ltr'>26t.</span> <span class='ocrx_word' id='word_1_7' title='bbox 473 560 702 659; x_wconf 81' lang='grc' dir='ltr'><em>ἤλασα</em></span> <span class='ocrx_word' id='word_1_8' title='bbox 1484 564 1772 655; x_wconf 70' lang='grc' dir='ltr'><em>ἔφθασα</em></span> 
     </span>
     <span class='ocr_line' id='line_1_3' title="bbox 265 664 1791 762; baseline 0.001 -26"><span class='ocrx_word' id='word_1_9' title='bbox 265 664 418 737; x_wconf 71' lang='grc'><strong>279.</strong></span> <span class='ocrx_word' id='word_1_10' title='bbox 479 664 671 760; x_wconf 79' lang='grc' dir='ltr'><em>ὄφρα</em></span> <span class='ocrx_word' id='word_1_11' title='bbox 703 691 838 757; x_wconf 77' lang='grc' dir='ltr'>μοι</span> <span class='ocrx_word' id='word_1_12' title='bbox 868 669 973 762; x_wconf 78' lang='grc' dir='ltr'>εἴη</span> <span class='ocrx_word' id='word_1_13' title='bbox 1486 669 1791 758; x_wconf 58' lang='grc' dir='ltr'><em>ιωχμιοὶο</em></span> 
     </span>
     <span class='ocr_line' id='line_1_4' title="bbox 261 765 1721 864; baseline -0.001 -23"><span class='ocrx_word' id='word_1_14' title='bbox 261 769 417 841; x_wconf 69' lang='lat'><strong>28⁴.</strong></span> <span class='ocrx_word' id='word_1_15' title='bbox 474 765 775 864; x_wconf 76' lang='grc' dir='ltr'><em>πήματα</em></span> <span class='ocrx_word' id='word_1_16' title='bbox 1484 766 1721 864; x_wconf 75' lang='grc' dir='ltr'><strong>κήδεα.</strong></span> 
     </span>
    </p>
   </div>
   <div class='ocr_carea' id='block_1_3' title="bbox 246 863 2629 4693">
    <p class='ocr_par' dir='ltr' id='par_1_3' title="bbox 246 863 2629 4693">
     <span class='ocr_line' id='line_1_5' title="bbox 259 863 2629 966; baseline 0.003 -25"><span class='ocrx_word' id='word_1_17' title='bbox 259 863 504 943; x_wconf 75' lang='lat' dir='ltr'>Harum</span> <span class='ocrx_word' id='word_1_18' title='bbox 537 872 922 966; x_wconf 79' lang='lat' dir='ltr'>scripturae</span> <span class='ocrx_word' id='word_1_19' title='bbox 957 871 1440 945; x_wconf 71' lang='lat' dir='ltr'><strong>diversitatum</strong></span> <span class='ocrx_word' id='word_1_20' title='bbox 1474 872 1608 943; x_wconf 85' lang='lat' dir='ltr'>etsi</span> <span class='ocrx_word' id='word_1_21' title='bbox 1643 894 1783 944; x_wconf 88' lang='lat' dir='ltr'>una</span> <span class='ocrx_word' id='word_1_22' title='bbox 1819 885 2029 965; x_wconf 89' lang='lat' dir='ltr'>atque</span> <span class='ocrx_word' id='word_1_23' title='bbox 2070 874 2293 944; x_wconf 76' lang='lat' dir='ltr'>altera</span> <span class='ocrx_word' id='word_1_24' title='bbox 2326 875 2629 947; x_wconf 62' lang='lat' dir='ltr'>fomasse</span> 
     </span>
     <span class='ocr_line' id='line_1_6' title="bbox 256 975 2619 1070; baseline 0.002 -25"><span class='ocrx_word' id='word_1_25' title='bbox 256 976 337 1046; x_wconf 89' lang='lat' dir='ltr'>ab</span> <span class='ocrx_word' id='word_1_26' title='bbox 370 996 606 1047; x_wconf 88' lang='lat' dir='ltr'>errore</span> <span class='ocrx_word' id='word_1_27' title='bbox 644 975 1077 1047; x_wconf 75' lang='lat' dir='ltr'>librariorum</span> <span class='ocrx_word' id='word_1_28' title='bbox 1115 978 1429 1070; x_wconf 85' lang='lat' dir='ltr'>profecta</span> <span class='ocrx_word' id='word_1_29' title='bbox 1467 986 1597 1062; x_wconf 80' lang='lat' dir='ltr'>est,</span> <span class='ocrx_word' id='word_1_30' title='bbox 1636 986 1872 1047; x_wconf 88' lang='lat' dir='ltr'>tamen</span> <span class='ocrx_word' id='word_1_31' title='bbox 1899 977 2384 1070; x_wconf 82' lang='lat' dir='ltr'>plerarumque</span> <span class='ocrx_word' id='word_1_32' title='bbox 2412 978 2619 1054; x_wconf 82' lang='lat' dir='ltr'>aliam</span> 
     </span>
     <span class='ocr_line' id='line_1_7' title="bbox 263 1079 1128 1173; baseline 0 -24"><span class='ocrx_word' id='word_1_33' title='bbox 263 1079 584 1171; x_wconf 79' lang='lat' dir='ltr'>originem</span> <span class='ocrx_word' id='word_1_34' title='bbox 622 1100 782 1152; x_wconf 85' lang='lat' dir='ltr'>esse</span> <span class='ocrx_word' id='word_1_35' title='bbox 817 1089 1128 1173; x_wconf 82' lang='lat' dir='ltr'>apparet.</span> 
     </span>
     <span class='ocr_line' id='line_1_8' title="bbox 448 1182 2500 1275; baseline 0.001 -23"><span class='ocrx_word' id='word_1_36' title='bbox 448 1182 624 1262; x_wconf 84' lang='lat' dir='ltr'>Illud</span> <span class='ocrx_word' id='word_1_37' title='bbox 659 1182 967 1275; x_wconf 87' lang='lat' dir='ltr'>quidem,</span> <span class='ocrx_word' id='word_1_38' title='bbox 1006 1183 1200 1275; x_wconf 87' lang='lat' dir='ltr'>quod</span> <span class='ocrx_word' id='word_1_39' title='bbox 1235 1184 1468 1254; x_wconf 72' lang='lat' dir='ltr'>statim</span> <span class='ocrx_word' id='word_1_40' title='bbox 1501 1184 1574 1252; x_wconf 83' lang='lat' dir='ltr'>in</span> <span class='ocrx_word' id='word_1_41' title='bbox 1607 1184 1833 1275; x_wconf 75' lang='lat' dir='ltr'>primo</span> <span class='ocrx_word' id='word_1_42' title='bbox 1868 1203 2080 1256; x_wconf 82' lang='lat' dir='ltr'>versu</span> <span class='ocrx_word' id='word_1_43' title='bbox 2114 1183 2500 1275; x_wconf 80' lang='lat' dir='ltr'>legebatur,</span> 
     </span>
     <span class='ocr_line' id='line_1_9' title="bbox 396 1284 2365 1382; baseline 0.001 -27"><span class='ocrx_word' id='word_1_44' title='bbox 396 1285 527 1356; x_wconf 83' lang='grc' dir='ltr'>τὸν</span> <span class='ocrx_word' id='word_1_45' title='bbox 564 1286 629 1355; x_wconf 66' lang='grc' dir='ltr'>δ’</span> <span class='ocrx_word' id='word_1_46' title='bbox 674 1287 712 1355; x_wconf 92' lang='grc' dir='ltr'>ὁ</span> <span class='ocrx_word' id='word_1_47' title='bbox 749 1288 969 1381; x_wconf 59' lang='grc' dir='ltr'><em>γέρων</em></span> <span class='ocrx_word' id='word_1_48' title='bbox 1005 1289 1392 1380; x_wconf 74' lang='grc' dir='ltr'><em>προςεέιπε,</em></span> <span class='ocrx_word' id='word_1_49' title='bbox 1431 1287 1624 1378; x_wconf 74' lang='grc' dir='ltr'><em>βοῶν</em></span> <span class='ocrx_word' id='word_1_50' title='bbox 1656 1284 2110 1377; x_wconf 77' lang='grc' dir='ltr'><em>ἑπιβοωκόλος</em></span> <span class='ocrx_word' id='word_1_51' title='bbox 2146 1285 2365 1382; x_wconf 65' lang='grc' dir='ltr'><em>ἀνήρ,</em></span> 
     </span>
     <span class='ocr_line' id='line_1_10' title="bbox 255 1389 2629 1474; baseline 0.002 -17"><span class='ocrx_word' id='word_1_52' title='bbox 255 1389 440 1460; x_wconf 82' lang='lat' dir='ltr'>facile</span> <span class='ocrx_word' id='word_1_53' title='bbox 481 1389 766 1466; x_wconf 84' lang='lat' dir='ltr'>credam</span> <span class='ocrx_word' id='word_1_54' title='bbox 805 1409 846 1458; x_wconf 88' lang='lat' dir='ltr'>a</span> <span class='ocrx_word' id='word_1_55' title='bbox 885 1389 1303 1461; x_wconf 76' lang='lat' dir='ltr'>dormitante</span> <span class='ocrx_word' id='word_1_56' title='bbox 1340 1389 1641 1474; x_wconf 86' lang='lat' dir='ltr'>librari0,</span> <span class='ocrx_word' id='word_1_57' title='bbox 1683 1389 1795 1459; x_wconf 75' lang='lat' dir='ltr'>cui</span> <span class='ocrx_word' id='word_1_58' title='bbox 1836 1389 2183 1460; x_wconf 82' lang='lat' dir='ltr'>Homerici</span> <span class='ocrx_word' id='word_1_59' title='bbox 2217 1411 2455 1462; x_wconf 83' lang='lat' dir='ltr'>versus</span> <span class='ocrx_word' id='word_1_60' title='bbox 2490 1392 2629 1462; x_wconf 64' lang='lat' dir='ltr'>ob«</span> 
     </span>
     <span class='ocr_line' id='line_1_11' title="bbox 255 1493 2625 1586; baseline 0.001 -24"><span class='ocrx_word' id='word_1_61' title='bbox 255 1494 713 1576; x_wconf 77' lang='lat' dir='ltr'>versabantur,</span> <span class='ocrx_word' id='word_1_62' title='bbox 753 1513 912 1566; x_wconf 86' lang='lat' dir='ltr'>esse</span> <span class='ocrx_word' id='word_1_63' title='bbox 947 1493 1302 1586; x_wconf 86' lang='lat' dir='ltr'>scriptum.</span> <span class='ocrx_word' id='word_1_64' title='bbox 1357 1493 1534 1563; x_wconf 87' lang='lat' dir='ltr'>Nam</span> <span class='ocrx_word' id='word_1_65' title='bbox 1561 1494 1728 1585; x_wconf 90' lang='lat' dir='ltr'>quin</span> <span class='ocrx_word' id='word_1_66' title='bbox 1756 1502 1951 1563; x_wconf 78' lang='lat' dir='ltr'>recte</span> <span class='ocrx_word' id='word_1_67' title='bbox 1987 1516 2080 1563; x_wconf 82' lang='lat' dir='ltr'>ex</span> <span class='ocrx_word' id='word_1_68' title='bbox 2115 1493 2391 1586; x_wconf 85' lang='lat' dir='ltr'>optimis</span> <span class='ocrx_word' id='word_1_69' title='bbox 2431 1494 2625 1565; x_wconf 79' lang='lat' dir='ltr'>libris</span> 
     </span>
     <span class='ocr_line' id='line_1_12' title="bbox 253 1596 2622 1689; baseline 0.002 -25"><span class='ocrx_word' id='word_1_70' title='bbox 253 1596 658 1680; x_wconf 83' lang='lat' dir='ltr'>Florentino,</span> <span class='ocrx_word' id='word_1_71' title='bbox 697 1596 1058 1680; x_wconf 86' lang='lat' dir='ltr'>Vaticano,</span> <span class='ocrx_word' id='word_1_72' title='bbox 1096 1597 1620 1681; x_wconf 81' lang='lat' dir='ltr'>Mediolanensi,</span> <span class='ocrx_word' id='word_1_73' title='bbox 1661 1596 1875 1689; x_wconf 84' lang='lat' dir='ltr'>Regio</span> <span class='ocrx_word' id='word_1_74' title='bbox 1908 1596 2129 1668; x_wconf 83' lang='lat'><strong>3378.</strong></span> <span class='ocrx_word' id='word_1_75' title='bbox 2163 1619 2373 1688; x_wconf 78' lang='lat' dir='ltr'>quem</span> <span class='ocrx_word' id='word_1_76' title='bbox 2405 1597 2622 1668; x_wconf 87' lang='lat' dir='ltr'>Sanc-</span> 
     </span>
     <span class='ocr_line' id='line_1_13' title="bbox 254 1699 2616 1796; baseline 0.001 -27"><span class='ocrx_word' id='word_1_77' title='bbox 254 1699 607 1771; x_wconf 87' lang='lat' dir='ltr'>tamandus</span> <span class='ocrx_word' id='word_1_78' title='bbox 659 1700 988 1784; x_wconf 84' lang='lat' dir='ltr'>contulit,</span> <span class='ocrx_word' id='word_1_79' title='bbox 1037 1701 1282 1792; x_wconf 80' lang='grc' dir='ltr'><em>φυτῶν</em></span> <span class='ocrx_word' id='word_1_80' title='bbox 1316 1699 1646 1795; x_wconf 70' lang='grc' dir='ltr'><em>ἐπίουρος</em></span> <span class='ocrx_word' id='word_1_81' title='bbox 1683 1699 2026 1796; x_wconf 65' lang='grc' dir='ltr'><em>ἀροτρεὺς</em></span> <span class='ocrx_word' id='word_1_82' title='bbox 2074 1700 2457 1794; x_wconf 86' lang='lat' dir='ltr'>repositum</span> <span class='ocrx_word' id='word_1_83' title='bbox 2504 1703 2616 1786; x_wconf 78' lang='lat' dir='ltr'>sit,</span> 
     </span>
     <span class='ocr_line' id='line_1_14' title="bbox 256 1802 1749 1897; baseline 0 -24"><span class='ocrx_word' id='word_1_84' title='bbox 256 1802 562 1875; x_wconf 87' lang='lat' dir='ltr'>dubitare</span> <span class='ocrx_word' id='word_1_85' title='bbox 598 1824 739 1874; x_wconf 92' lang='lat' dir='ltr'>non</span> <span class='ocrx_word' id='word_1_86' title='bbox 777 1804 940 1874; x_wconf 83' lang='lat' dir='ltr'>sinit</span> <span class='ocrx_word' id='word_1_87' title='bbox 974 1804 1093 1895; x_wconf 92' lang='lat' dir='ltr'>qui</span> <span class='ocrx_word' id='word_1_88' title='bbox 1130 1804 1443 1897; x_wconf 90' lang='lat' dir='ltr'>sequitur</span> <span class='ocrx_word' id='word_1_89' title='bbox 1477 1824 1749 1887; x_wconf 73' lang='lat' dir='ltr'>versuS,</span> 
     </span>
     <span class='ocr_line' id='line_1_15' title="bbox 389 1904 2149 2002; baseline -0.003 -25"><span class='ocrx_word' id='word_1_90' title='bbox 389 1904 842 1998; x_wconf 69' lang='grc' dir='ltr'><em>παυσάμενος</em></span> <span class='ocrx_word' id='word_1_91' title='bbox 878 1907 1139 2001; x_wconf 73' lang='grc' dir='ltr'><em>ἔργοιο,</em></span> <span class='ocrx_word' id='word_1_92' title='bbox 1181 1906 1266 1978; x_wconf 84' lang='grc' dir='ltr'>τό</span> <span class='ocrx_word' id='word_1_93' title='bbox 1305 1913 1375 1977; x_wconf 87' lang='grc' dir='ltr'>οἱ</span> <span class='ocrx_word' id='word_1_94' title='bbox 1411 1906 1593 1999; x_wconf 77' lang='grc' dir='ltr'><em>μετὰ</em></span> <span class='ocrx_word' id='word_1_95' title='bbox 1625 1906 1865 2002; x_wconf 64' lang='grc' dir='ltr'><em>χερσὶν</em></span> <span class='ocrx_word' id='word_1_96' title='bbox 1902 1905 2149 1977; x_wconf 72' lang='grc' dir='ltr'><em>ἔκειτοτ</em></span> 
     </span>
     <span class='ocr_line' id='line_1_16' title="bbox 253 2008 2617 2103; baseline 0.001 -24"><span class='ocrx_word' id='word_1_97' title='bbox 253 2008 791 2102; x_wconf 88' lang='lat' dir='ltr'>confirmantque</span> <span class='ocrx_word' id='word_1_98' title='bbox 829 2032 1075 2081; x_wconf 89' lang='lat' dir='ltr'>versus</span> <span class='ocrx_word' id='word_1_99' title='bbox 1115 2013 1442 2084; x_wconf 75' lang='lat'><strong>23—33.</strong></span> <span class='ocrx_word' id='word_1_100' title='bbox 1531 2009 1733 2082; x_wconf 81' lang='lat' dir='ltr'>Unde</span> <span class='ocrx_word' id='word_1_101' title='bbox 1774 2009 1983 2080; x_wconf 90' lang='lat' dir='ltr'>etiam</span> <span class='ocrx_word' id='word_1_102' title='bbox 2023 2032 2088 2080; x_wconf 91' lang='lat' dir='ltr'>v.</span> <span class='ocrx_word' id='word_1_103' title='bbox 2125 2012 2204 2080; x_wconf 70' lang='lat'>5⁴</span> <span class='ocrx_word' id='word_1_104' title='bbox 2227 2064 2242 2079; x_wconf 91' lang='lat'><strong>.</strong></span> <span class='ocrx_word' id='word_1_105' title='bbox 2275 2033 2488 2103; x_wconf 81' lang='lat' dir='ltr'>quum</span> <span class='ocrx_word' id='word_1_106' title='bbox 2526 2011 2617 2081; x_wconf 91' lang='lat' dir='ltr'>ab</span> 
     </span>
     <span class='ocr_line' id='line_1_17' title="bbox 251 2111 2619 2209; baseline 0.001 -26"><span class='ocrx_word' id='word_1_107' title='bbox 251 2113 418 2199; x_wconf 87' lang='lat' dir='ltr'>aliis,</span> <span class='ocrx_word' id='word_1_108' title='bbox 474 2124 625 2185; x_wconf 88' lang='lat' dir='ltr'>tum</span> <span class='ocrx_word' id='word_1_109' title='bbox 675 2135 716 2184; x_wconf 89' lang='lat' dir='ltr'>a</span> <span class='ocrx_word' id='word_1_110' title='bbox 764 2112 1109 2183; x_wconf 82' lang='lat' dir='ltr'>Meinekio</span> <span class='ocrx_word' id='word_1_111' title='bbox 1163 2113 1502 2209; x_wconf 75' lang='grc' dir='ltr'><em>ἀροτρεὺς</em></span> <span class='ocrx_word' id='word_1_112' title='bbox 1556 2135 1650 2183; x_wconf 85' lang='lat' dir='ltr'>ex</span> <span class='ocrx_word' id='word_1_113' title='bbox 1702 2113 1947 2184; x_wconf 88' lang='lat' dir='ltr'>iisdem</span> <span class='ocrx_word' id='word_1_114' title='bbox 2004 2111 2367 2185; x_wconf 84' lang='lat' dir='ltr'>codicibus</span> <span class='ocrx_word' id='word_1_115' title='bbox 2418 2136 2619 2185; x_wconf 84' lang='lat' dir='ltr'>rece—</span> 
     </span>
     <span class='ocr_line' id='line_1_18' title="bbox 247 2213 2612 2312; baseline 0 -26"><span class='ocrx_word' id='word_1_116' title='bbox 247 2227 446 2309; x_wconf 90' lang='lat' dir='ltr'>ptum,</span> <span class='ocrx_word' id='word_1_117' title='bbox 492 2218 608 2290; x_wconf 91' lang='lat' dir='ltr'>ubi</span> <span class='ocrx_word' id='word_1_118' title='bbox 645 2218 972 2309; x_wconf 81' lang='lat' dir='ltr'>vulgares</span> <span class='ocrx_word' id='word_1_119' title='bbox 1009 2217 1186 2302; x_wconf 89' lang='lat' dir='ltr'>libri,</span> <span class='ocrx_word' id='word_1_120' title='bbox 1219 2239 1361 2288; x_wconf 91' lang='lat' dir='ltr'>non</span> <span class='ocrx_word' id='word_1_121' title='bbox 1391 2216 1488 2286; x_wconf 88' lang='lat' dir='ltr'>illi</span> <span class='ocrx_word' id='word_1_122' title='bbox 1512 2226 1751 2287; x_wconf 78' lang='lat' dir='ltr'>tamen</span> <span class='ocrx_word' id='word_1_123' title='bbox 1774 2217 1957 2290; x_wconf 90' lang='lat' dir='ltr'>male</span> <span class='ocrx_word' id='word_1_124' title='bbox 1986 2213 2303 2312; x_wconf 72' lang='grc' dir='ltr'><em>ἀγρώτης</em></span> <span class='ocrx_word' id='word_1_125' title='bbox 2328 2217 2612 2289; x_wconf 81' lang='lat' dir='ltr'>habent.</span> 
     </span>
     <span class='ocr_line' id='line_1_19' title="bbox 439 2319 2619 2414; baseline 0.001 -24"><span class='ocrx_word' id='word_1_126' title='bbox 439 2321 882 2391; x_wconf 87' lang='lat' dir='ltr'>Percensebo</span> <span class='ocrx_word' id='word_1_127' title='bbox 934 2342 1122 2392; x_wconf 88' lang='lat' dir='ltr'>nunc</span> <span class='ocrx_word' id='word_1_128' title='bbox 1173 2319 1563 2392; x_wconf 87' lang='lat' dir='ltr'>secundum</span> <span class='ocrx_word' id='word_1_129' title='bbox 1612 2319 1937 2392; x_wconf 84' lang='lat' dir='ltr'>Meinekii</span> <span class='ocrx_word' id='word_1_130' title='bbox 1986 2319 2396 2406; x_wconf 85' lang='lat' dir='ltr'>editionem,</span> <span class='ocrx_word' id='word_1_131' title='bbox 2435 2343 2619 2414; x_wconf 85' lang='lat' dir='ltr'>quae</span> 
     </span>
     <span class='ocr_line' id='line_1_20' title="bbox 248 2423 2619 2516; baseline -0.001 -24"><span class='ocrx_word' id='word_1_132' title='bbox 248 2423 399 2493; x_wconf 85' lang='lat' dir='ltr'>mihi</span> <span class='ocrx_word' id='word_1_133' title='bbox 451 2425 570 2495; x_wconf 85' lang='lat' dir='ltr'>vel</span> <span class='ocrx_word' id='word_1_134' title='bbox 621 2423 1114 2496; x_wconf 83' lang='lat' dir='ltr'>emendatione</span> <span class='ocrx_word' id='word_1_135' title='bbox 1167 2425 1282 2495; x_wconf 90' lang='lat' dir='ltr'>vel</span> <span class='ocrx_word' id='word_1_136' title='bbox 1336 2423 1789 2495; x_wconf 78' lang='lat' dir='ltr'>adnotatione</span> <span class='ocrx_word' id='word_1_137' title='bbox 1854 2423 2081 2516; x_wconf 86' lang='lat' dir='ltr'>aliqua</span> <span class='ocrx_word' id='word_1_138' title='bbox 2132 2423 2459 2498; x_wconf 82' lang='lat' dir='ltr'>videntur</span> <span class='ocrx_word' id='word_1_139' title='bbox 2512 2426 2619 2494; x_wconf 46' lang='lat' dir='ltr'>in*-</span> 
     </span>
     <span class='ocr_line' id='line_1_21' title="bbox 248 2527 498 2620; baseline 0 -22"><span class='ocrx_word' id='word_1_140' title='bbox 248 2527 498 2620; x_wconf 80' lang='lat' dir='ltr'>digere.</span> 
     </span>
     <span class='ocr_line' id='line_1_22' title="bbox 438 2630 2022 2726; baseline 0.001 -25"><span class='ocrx_word' id='word_1_141' title='bbox 438 2631 521 2701; x_wconf 90' lang='lat' dir='ltr'>V.</span> <span class='ocrx_word' id='word_1_142' title='bbox 559 2634 625 2704; x_wconf 88' lang='lat'>8.</span> <span class='ocrx_word' id='word_1_143' title='bbox 659 2632 776 2703; x_wconf 83' lang='lat' dir='ltr'>lex</span> <span class='ocrx_word' id='word_1_144' title='bbox 812 2640 883 2703; x_wconf 90' lang='lat' dir='ltr'>et</span> <span class='ocrx_word' id='word_1_145' title='bbox 919 2631 1359 2707; x_wconf 88' lang='lat' dir='ltr'>consuetudo</span> <span class='ocrx_word' id='word_1_146' title='bbox 1397 2630 1607 2704; x_wconf 79' lang='lat' dir='ltr'>scribi</span> <span class='ocrx_word' id='word_1_147' title='bbox 1645 2632 2022 2726; x_wconf 82' lang='lat' dir='ltr'>postulant,</span> 
     </span>
     <span class='ocr_line' id='line_1_23' title="bbox 389 2732 2236 2829; baseline -0.001 -22"><span class='ocrx_word' id='word_1_148' title='bbox 389 2738 475 2807; x_wconf 83' lang='grc' dir='ltr'>οὐ</span> <span class='ocrx_word' id='word_1_149' title='bbox 515 2737 741 2808; x_wconf 78' lang='grc' dir='ltr'><em>πᾶσαι</em></span> <span class='ocrx_word' id='word_1_150' title='bbox 773 2734 1158 2827; x_wconf 75' lang='grc' dir='ltr'><em>βόσκονται</em></span> <span class='ocrx_word' id='word_1_151' title='bbox 1198 2738 1313 2806; x_wconf 82' lang='grc' dir='ltr'>ἴαν</span> <span class='ocrx_word' id='word_1_152' title='bbox 1346 2732 1582 2828; x_wconf 81' lang='grc' dir='ltr'><em>βόσιν,</em></span> <span class='ocrx_word' id='word_1_153' title='bbox 1625 2736 1777 2806; x_wconf 76' lang='grc' dir='ltr'><em>οὐδ’</em></span> <span class='ocrx_word' id='word_1_154' title='bbox 1818 2740 1940 2807; x_wconf 79' lang='grc' dir='ltr'>ἕνα</span> <span class='ocrx_word' id='word_1_155' title='bbox 1974 2735 2236 2829; x_wconf 71' lang='grc' dir='ltr'><em>χῶρον,</em></span> 
     </span>
     <span class='ocr_line' id='line_1_24' title="bbox 247 2839 1472 2932; baseline 0 -22"><span class='ocrx_word' id='word_1_156' title='bbox 247 2861 398 2925; x_wconf 79' lang='lat' dir='ltr'>non,</span> <span class='ocrx_word' id='word_1_157' title='bbox 438 2840 620 2911; x_wconf 83' lang='lat' dir='ltr'>utin</span> <span class='ocrx_word' id='word_1_158' title='bbox 657 2839 850 2910; x_wconf 85' lang='lat' dir='ltr'>libris</span> <span class='ocrx_word' id='word_1_159' title='bbox 889 2841 1246 2932; x_wconf 82' lang='lat' dir='ltr'>scriptum,</span> <span class='ocrx_word' id='word_1_160' title='bbox 1286 2839 1472 2910; x_wconf 74' lang='grc' dir='ltr'><strong>οὔθ’.</strong></span> 
     </span>
     <span class='ocr_line' id='line_1_25' title="bbox 440 2942 1825 3069; baseline 0 -57"><span class='ocrx_word' id='word_1_161' title='bbox 440 2944 518 3012; x_wconf 91' lang='lat' dir='ltr'>V.</span> <span class='ocrx_word' id='word_1_162' title='bbox 553 2946 621 3014; x_wconf 84' lang='grc'><strong>9.</strong></span> <span class='ocrx_word' id='word_1_163' title='bbox 655 2944 744 3014; x_wconf 84' lang='lat' dir='ltr'>ab</span> <span class='ocrx_word' id='word_1_164' title='bbox 780 2942 861 3012; x_wconf 93' lang='lat' dir='ltr'>H.</span> <span class='ocrx_word' id='word_1_165' title='bbox 897 2942 1252 3069; x_wconf 69' lang='lat' dir='ltr'>Stepbano</span> <span class='ocrx_word' id='word_1_166' title='bbox 1289 2951 1654 3034; x_wconf 82' lang='lat' dir='ltr'>acceptum</span> <span class='ocrx_word' id='word_1_167' title='bbox 1693 2952 1825 3025; x_wconf 91' lang='lat' dir='ltr'>est,</span> 
     </span>
     <span class='ocr_line' id='line_1_26' title="bbox 392 3042 2456 3142; baseline -0.002 -25"><span class='ocrx_word' id='word_1_168' title='bbox 392 3046 525 3117; x_wconf 85' lang='grc' dir='ltr'><em>ἀλλ’</em></span> <span class='ocrx_word' id='word_1_169' title='bbox 583 3051 657 3116; x_wconf 83' lang='grc' dir='ltr'>αἱ</span> <span class='ocrx_word' id='word_1_170' title='bbox 708 3047 840 3137; x_wconf 80' lang='grc' dir='ltr'>μέν</span> <span class='ocrx_word' id='word_1_171' title='bbox 876 3072 968 3142; x_wconf 89' lang='grc' dir='ltr'>ρα</span> <span class='ocrx_word' id='word_1_172' title='bbox 1005 3043 1304 3121; x_wconf 69' lang='grc' dir='ltr'><em>νάοντος</em></span> <span class='ocrx_word' id='word_1_173' title='bbox 1340 3046 1436 3115; x_wconf 79' lang='grc' dir='ltr'>ἐπ’</span> <span class='ocrx_word' id='word_1_174' title='bbox 1480 3046 1736 3132; x_wconf 59' lang='grc' dir='ltr'><em>ὀχνθαῖς</em></span> <span class='ocrx_word' id='word_1_175' title='bbox 1773 3044 1944 3137; x_wconf 77' lang='grc' dir='ltr'><strong><em>ἀμφ’</em></strong></span> <span class='ocrx_word' id='word_1_176' title='bbox 1980 3042 2456 3121; x_wconf 67' lang='grc' dir='ltr'>Ἑλισοῦντος.</span> 
     </span>
     <span class='ocr_line' id='line_1_27' title="bbox 247 3143 2618 3242; baseline -0 -24"><span class='ocrx_word' id='word_1_177' title='bbox 247 3148 411 3221; x_wconf 88' lang='lat' dir='ltr'>Ante</span> <span class='ocrx_word' id='word_1_178' title='bbox 464 3151 652 3219; x_wconf 90' lang='lat' dir='ltr'>illum</span> <span class='ocrx_word' id='word_1_179' title='bbox 701 3150 1065 3242; x_wconf 86' lang='lat' dir='ltr'>legebatur</span> <span class='ocrx_word' id='word_1_180' title='bbox 1110 3148 1310 3218; x_wconf 84' lang='grc' dir='ltr'><em>ἄλλαι</em></span> <span class='ocrx_word' id='word_1_181' title='bbox 1358 3149 1490 3239; x_wconf 81' lang='grc' dir='ltr'>μέν</span> <span class='ocrx_word' id='word_1_182' title='bbox 1537 3173 1630 3242; x_wconf 88' lang='grc' dir='ltr'>ρα</span> <span class='ocrx_word' id='word_1_183' title='bbox 1676 3143 2005 3223; x_wconf 76' lang='grc' dir='ltr'><em>νάοντος.</em></span> <span class='ocrx_word' id='word_1_184' title='bbox 2092 3146 2203 3218; x_wconf 83' lang='lat' dir='ltr'>Ex</span> <span class='ocrx_word' id='word_1_185' title='bbox 2256 3145 2618 3218; x_wconf 82' lang='lat' dir='ltr'>codicibus</span> 
     </span>
     <span class='ocr_line' id='line_1_28' title="bbox 249 3248 2619 3344; baseline -0.002 -20"><span class='ocrx_word' id='word_1_186' title='bbox 249 3251 712 3325; x_wconf 86' lang='lat' dir='ltr'>tantummodo</span> <span class='ocrx_word' id='word_1_187' title='bbox 764 3254 1102 3344; x_wconf 77' lang='grc' dir='ltr'><em>νέμονται</em></span> <span class='ocrx_word' id='word_1_188' title='bbox 1156 3249 1565 3322; x_wconf 78' lang='lat' dir='ltr'>adnotatum</span> <span class='ocrx_word' id='word_1_189' title='bbox 1617 3260 1747 3321; x_wconf 83' lang='lat' dir='ltr'>est.</span> <span class='ocrx_word' id='word_1_190' title='bbox 1848 3249 2149 3320; x_wconf 87' lang='lat' dir='ltr'>Defendi</span> <span class='ocrx_word' id='word_1_191' title='bbox 2209 3248 2493 3340; x_wconf 90' lang='lat' dir='ltr'>quidem</span> <span class='ocrx_word' id='word_1_192' title='bbox 2548 3259 2619 3320; x_wconf 92' lang='lat' dir='ltr'>et</span> 
     </span>
     <span class='ocr_line' id='line_1_29' title="bbox 248 3350 2617 3454; baseline -0.002 -26"><span class='ocrx_word' id='word_1_193' title='bbox 248 3355 431 3428; x_wconf 79' lang='grc' dir='ltr'><em>ἄλλαι</em></span> <span class='ocrx_word' id='word_1_194' title='bbox 465 3358 598 3449; x_wconf 78' lang='grc' dir='ltr'>μέν</span> <span class='ocrx_word' id='word_1_195' title='bbox 634 3363 732 3454; x_wconf 74' lang='grc' dir='ltr'>ρ“α</span> <span class='ocrx_word' id='word_1_196' title='bbox 761 3364 1019 3450; x_wconf 73' lang='lat' dir='ltr'>potest,</span> <span class='ocrx_word' id='word_1_197' title='bbox 1057 3363 1131 3425; x_wconf 84' lang='lat' dir='ltr'>et</span> <span class='ocrx_word' id='word_1_198' title='bbox 1165 3350 1494 3443; x_wconf 73' lang='grc' dir='ltr'><em>νάοντος,</em></span> <span class='ocrx_word' id='word_1_199' title='bbox 1528 3353 1716 3446; x_wconf 86' lang='lat' dir='ltr'>quod</span> <span class='ocrx_word' id='word_1_200' title='bbox 1748 3352 2011 3431; x_wconf 73' lang='lat' dir='ltr'>dictum</span> <span class='ocrx_word' id='word_1_201' title='bbox 2036 3353 2128 3423; x_wconf 83' lang='lat' dir='ltr'>sit</span> <span class='ocrx_word' id='word_1_202' title='bbox 2155 3361 2235 3424; x_wconf 79' lang='lat' dir='ltr'>ut</span> <span class='ocrx_word' id='word_1_203' title='bbox 2257 3359 2617 3445; x_wconf 82' lang='grc' dir='ltr'><em>ποταμοῖο</em></span> 
     </span>
     <span class='ocr_line' id='line_1_30' title="bbox 248 3456 2618 3555; baseline -0.001 -25"><span class='ocrx_word' id='word_1_204' title='bbox 248 3460 523 3555; x_wconf 76' lang='grc' dir='ltr'><em>ῥέοντος</em></span> <span class='ocrx_word' id='word_1_205' title='bbox 555 3483 623 3530; x_wconf 89' lang='lat' dir='ltr'>v.</span> <span class='ocrx_word' id='word_1_206' title='bbox 663 3463 792 3545; x_wconf 77' lang='lat'>493</span> <span class='ocrx_word' id='word_1_207' title='bbox 845 3470 1154 3530; x_wconf 83' lang='lat' dir='ltr'>attamen</span> <span class='ocrx_word' id='word_1_208' title='bbox 1189 3458 1600 3540; x_wconf 83' lang='lat' dir='ltr'>concinnius</span> <span class='ocrx_word' id='word_1_209' title='bbox 1635 3467 1709 3527; x_wconf 87' lang='lat' dir='ltr'>et</span> <span class='ocrx_word' id='word_1_210' title='bbox 1732 3457 2099 3529; x_wconf 81' lang='lat' dir='ltr'>venustius</span> <span class='ocrx_word' id='word_1_211' title='bbox 2124 3465 2232 3528; x_wconf 87' lang='lat' dir='ltr'>est</span> <span class='ocrx_word' id='word_1_212' title='bbox 2259 3456 2465 3528; x_wconf 77' lang='grc' dir='ltr'><em>ἄλλαι</em></span> <span class='ocrx_word' id='word_1_213' title='bbox 2485 3456 2618 3547; x_wconf 75' lang='grc' dir='ltr'>μέν</span> 
     </span>
     <span class='ocr_line' id='line_1_31' title="bbox 249 3559 2610 3657; baseline -0.001 -23"><span class='ocrx_word' id='word_1_214' title='bbox 249 3568 332 3657; x_wconf 79' lang='grc' dir='ltr'>ῥα</span> <span class='ocrx_word' id='word_1_215' title='bbox 362 3567 725 3655; x_wconf 77' lang='grc' dir='ltr'><em>νέμονται.</em></span> <span class='ocrx_word' id='word_1_216' title='bbox 814 3562 1061 3634; x_wconf 79' lang='lat' dir='ltr'>Cetera</span> <span class='ocrx_word' id='word_1_217' title='bbox 1099 3561 1443 3633; x_wconf 88' lang='lat' dir='ltr'>Meinekio</span> <span class='ocrx_word' id='word_1_218' title='bbox 1484 3560 1586 3632; x_wconf 91' lang='lat' dir='ltr'>sic</span> <span class='ocrx_word' id='word_1_219' title='bbox 1623 3560 2001 3633; x_wconf 85' lang='lat' dir='ltr'>scribenda</span> <span class='ocrx_word' id='word_1_220' title='bbox 2034 3560 2475 3644; x_wconf 79' lang='lat' dir='ltr'>videbantur,</span> <span class='ocrx_word' id='word_1_221' title='bbox 2513 3559 2610 3631; x_wconf 74' lang='grc' dir='ltr'>ἐπ’</span> 
     </span>
     <span class='ocr_line' id='line_1_32' title="bbox 249 3662 2616 3754; baseline 0 -21"><span class='ocrx_word' id='word_1_222' title='bbox 249 3663 491 3754; x_wconf 73' lang='grc' dir='ltr'><em>ὄχθαις</em></span> <span class='ocrx_word' id='word_1_223' title='bbox 514 3665 1017 3753; x_wconf 66' lang='grc' dir='ltr'>Εἰλέσσοντος,</span> <span class='ocrx_word' id='word_1_224' title='bbox 1050 3667 1304 3736; x_wconf 84' lang='lat' dir='ltr'>nescio.</span> <span class='ocrx_word' id='word_1_225' title='bbox 1322 3687 1414 3736; x_wconf 87' lang='lat' dir='ltr'>an</span> <span class='ocrx_word' id='word_1_226' title='bbox 1448 3673 1666 3751; x_wconf 84' lang='lat' dir='ltr'>recte,</span> <span class='ocrx_word' id='word_1_227' title='bbox 1705 3666 1843 3737; x_wconf 85' lang='lat' dir='ltr'>etsi.</span> <span class='ocrx_word' id='word_1_228' title='bbox 1864 3663 2071 3736; x_wconf 86' lang='lat' dir='ltr'>valde</span> <span class='ocrx_word' id='word_1_229' title='bbox 2098 3663 2389 3735; x_wconf 83' lang='lat' dir='ltr'>fluctuat</span> <span class='ocrx_word' id='word_1_230' title='bbox 2412 3662 2616 3735; x_wconf 77' lang='lat' dir='ltr'>buius</span> 
     </span>
     <span class='ocr_line' id='line_1_33' title="bbox 248 3765 2614 3862; baseline -0.001 -26"><span class='ocrx_word' id='word_1_231' title='bbox 248 3769 532 3840; x_wconf 89' lang='lat' dir='ltr'>nominis</span> <span class='ocrx_word' id='word_1_232' title='bbox 584 3770 957 3861; x_wconf 83' lang='lat' dir='ltr'>scriptura,</span> <span class='ocrx_word' id='word_1_233' title='bbox 1006 3769 1097 3840; x_wconf 92' lang='lat' dir='ltr'>de</span> <span class='ocrx_word' id='word_1_234' title='bbox 1148 3790 1289 3861; x_wconf 89' lang='lat' dir='ltr'>qua</span> <span class='ocrx_word' id='word_1_235' title='bbox 1336 3769 1473 3862; x_wconf 89' lang='lat' dir='ltr'>legi</span> <span class='ocrx_word' id='word_1_236' title='bbox 1524 3778 1818 3861; x_wconf 89' lang='lat' dir='ltr'>possunt</span> <span class='ocrx_word' id='word_1_237' title='bbox 1869 3788 2053 3859; x_wconf 87' lang='lat' dir='ltr'>quae</span> <span class='ocrx_word' id='word_1_238' title='bbox 2096 3767 2303 3838; x_wconf 73' lang='lat' dir='ltr'>allata</span> <span class='ocrx_word' id='word_1_239' title='bbox 2349 3765 2614 3837; x_wconf 85' lang='lat' dir='ltr'>suntin</span> 
     </span>
     <span class='ocr_line' id='line_1_34' title="bbox 248 3866 2616 3966; baseline -0.001 -26"><span class='ocrx_word' id='word_1_240' title='bbox 248 3871 541 3944; x_wconf 90' lang='lat' dir='ltr'>editione</span> <span class='ocrx_word' id='word_1_241' title='bbox 579 3873 887 3943; x_wconf 84' lang='lat' dir='ltr'>Parisina</span> <span class='ocrx_word' id='word_1_242' title='bbox 924 3872 1256 3947; x_wconf 85' lang='lat' dir='ltr'>Thesauri</span> <span class='ocrx_word' id='word_1_243' title='bbox 1294 3871 1767 3966; x_wconf 75' lang='lat' dir='ltr'>Stephaniani.</span> <span class='ocrx_word' id='word_1_244' title='bbox 1854 3869 1993 3945; x_wconf 88' lang='lat' dir='ltr'>Sed</span> <span class='ocrx_word' id='word_1_245' title='bbox 2043 3869 2230 3945; x_wconf 85' lang='lat' dir='ltr'>unde</span> <span class='ocrx_word' id='word_1_246' title='bbox 2266 3866 2616 3947; x_wconf 64' lang='grc' dir='ltr'><em>νάοντοςῖ</em></span> 
     </span>
     <span class='ocr_line' id='line_1_35' title="bbox 246 3972 2612 4066; baseline -0.001 -23"><span class='ocrx_word' id='word_1_247' title='bbox 246 3973 344 4045; x_wconf 87' lang='lat' dir='ltr'>Ex</span> <span class='ocrx_word' id='word_1_248' title='bbox 389 3998 627 4047; x_wconf 90' lang='lat' dir='ltr'>errore</span> <span class='ocrx_word' id='word_1_249' title='bbox 681 3976 1138 4048; x_wconf 77' lang='lat' dir='ltr'>librariorum.</span> <span class='ocrx_word' id='word_1_250' title='bbox 1221 3977 1567 4049; x_wconf 71' lang='lat' dir='ltr'>Fortasse.</span> <span class='ocrx_word' id='word_1_251' title='bbox 1652 3974 1920 4055; x_wconf 83' lang='lat' dir='ltr'>Licebit</span> <span class='ocrx_word' id='word_1_252' title='bbox 1968 3983 2215 4045; x_wconf 76' lang='lat' dir='ltr'>tamen</span> <span class='ocrx_word' id='word_1_253' title='bbox 2251 3972 2612 4066; x_wconf 89' lang='lat' dir='ltr'>suspicari,</span> 
     </span>
     <span class='ocr_line' id='line_1_36' title="bbox 248 4076 2617 4175; baseline -0.002 -24"><span class='ocrx_word' id='word_1_254' title='bbox 248 4100 450 4170; x_wconf 88' lang='lat' dir='ltr'>quum</span> <span class='ocrx_word' id='word_1_255' title='bbox 504 4080 802 4175; x_wconf 86' lang='lat' dir='ltr'>proximi</span> <span class='ocrx_word' id='word_1_256' title='bbox 867 4080 1012 4151; x_wconf 79' lang='lat' dir='ltr'>dno</span> <span class='ocrx_word' id='word_1_257' title='bbox 1060 4100 1314 4151; x_wconf 81' lang='lat' dir='ltr'>versus</span> <span class='ocrx_word' id='word_1_258' title='bbox 1361 4085 1434 4150; x_wconf 85' lang='grc' dir='ltr'>αἱ</span> <span class='ocrx_word' id='word_1_259' title='bbox 1490 4081 1556 4149; x_wconf 75' lang='grc' dir='ltr'>δ’</span> <span class='ocrx_word' id='word_1_260' title='bbox 1611 4080 1819 4150; x_wconf 77' lang='lat' dir='ltr'>initio,</span> <span class='ocrx_word' id='word_1_261' title='bbox 1861 4078 2198 4162; x_wconf 75' lang='lat' dir='ltr'>babeant,</span> <span class='ocrx_word' id='word_1_262' title='bbox 2264 4076 2617 4149; x_wconf 81' lang='lat' dir='ltr'>excidisse</span> 
     </span>
     <span class='ocr_line' id='line_1_37' title="bbox 249 4180 2422 4278; baseline -0.001 -27"><span class='ocrx_word' id='word_1_263' title='bbox 249 4204 448 4254; x_wconf 89' lang='lat' dir='ltr'>unum</span> <span class='ocrx_word' id='word_1_264' title='bbox 481 4206 789 4270; x_wconf 85' lang='lat' dir='ltr'>versum,</span> <span class='ocrx_word' id='word_1_265' title='bbox 829 4184 1302 4278; x_wconf 77' lang='lat' dir='ltr'>scriptumque</span> <span class='ocrx_word' id='word_1_266' title='bbox 1339 4184 1556 4254; x_wconf 86' lang='lat' dir='ltr'>fuisse</span> <span class='ocrx_word' id='word_1_267' title='bbox 1590 4184 1661 4253; x_wconf 92' lang='lat' dir='ltr'>in</span> <span class='ocrx_word' id='word_1_268' title='bbox 1698 4180 2177 4274; x_wconf 85' lang='lat' dir='ltr'>antiquissimo</span> <span class='ocrx_word' id='word_1_269' title='bbox 2214 4180 2422 4251; x_wconf 84' lang='lat' dir='ltr'>libro:</span> 
     </span>
     <span class='ocr_line' id='line_1_38' title="bbox 390 4288 1910 4383; baseline -0.002 -26"><span class='ocrx_word' id='word_1_270' title='bbox 390 4289 525 4358; x_wconf 79' lang='grc' dir='ltr'>ἀλλ’</span> <span class='ocrx_word' id='word_1_271' title='bbox 567 4293 646 4359; x_wconf 78' lang='grc' dir='ltr'>αἱ</span> <span class='ocrx_word' id='word_1_272' title='bbox 674 4289 809 4380; x_wconf 72' lang='grc' dir='ltr'>μέν</span> <span class='ocrx_word' id='word_1_273' title='bbox 846 4294 941 4383; x_wconf 81' lang='grc' dir='ltr'>ῥα</span> <span class='ocrx_word' id='word_1_274' title='bbox 974 4288 1316 4378; x_wconf 79' lang='grc' dir='ltr'><em>νέμονται</em></span> <span class='ocrx_word' id='word_1_275' title='bbox 1374 4337 1910 4357; x_wconf 89' lang='grc'><strong>.......</strong></span> 
     </span>
     <span class='ocr_line' id='line_1_39' title="bbox 365 4386 2138 4478; baseline -0.002 -18"><span class='ocrx_word' id='word_1_276' title='bbox 365 4396 465 4473; x_wconf 88' lang='grc' dir='ltr'>αἱ</span> <span class='ocrx_word' id='word_1_277' title='bbox 500 4393 559 4461; x_wconf 75' lang='grc' dir='ltr'>δ’</span> <span class='ocrx_word' id='word_1_278' title='bbox 600 4386 751 4462; x_wconf 73' lang='grc' dir='ltr'><em>αὖτ’</em></span> <span class='ocrx_word' id='word_1_279' title='bbox 794 4387 1176 4467; x_wconf 71' lang='grc' dir='ltr'><em>ἀενάοντος</em></span> <span class='ocrx_word' id='word_1_280' title='bbox 1211 4392 1307 4461; x_wconf 82' lang='grc' dir='ltr'>ἐπ’</span> <span class='ocrx_word' id='word_1_281' title='bbox 1349 4387 1604 4478; x_wconf 72' lang='grc' dir='ltr'><em>ὄχθαις</em></span> <span class='ocrx_word' id='word_1_282' title='bbox 1636 4386 2138 4465; x_wconf 74' lang='grc' dir='ltr'>Εἱλίσσοντος.</span> 
     </span>
     <span class='ocr_line' id='line_1_40' title="bbox 442 4490 2616 4589; baseline -0.001 -28"><span class='ocrx_word' id='word_1_283' title='bbox 442 4493 518 4564; x_wconf 93' lang='lat' dir='ltr'>V.</span> <span class='ocrx_word' id='word_1_284' title='bbox 558 4496 676 4567; x_wconf 73' lang='lat'>42.</span> <span class='ocrx_word' id='word_1_285' title='bbox 735 4494 884 4564; x_wconf 81' lang='lat' dir='ltr'>Nee</span> <span class='ocrx_word' id='word_1_286' title='bbox 918 4492 1131 4588; x_wconf 83' lang='grc' dir='ltr'><em>χωρὶς</em></span> <span class='ocrx_word' id='word_1_287' title='bbox 1168 4491 1248 4588; x_wconf 80' lang='grc' dir='ltr'>δὴ</span> <span class='ocrx_word' id='word_1_288' title='bbox 1292 4493 1535 4589; x_wconf 60' lang='grc' dir='ltr'><em>σηκοὶ,</em></span> <span class='ocrx_word' id='word_1_289' title='bbox 1578 4492 1771 4586; x_wconf 89' lang='lat' dir='ltr'>quod</span> <span class='ocrx_word' id='word_1_290' title='bbox 1808 4492 1879 4562; x_wconf 92' lang='lat' dir='ltr'>in</span> <span class='ocrx_word' id='word_1_291' title='bbox 1917 4491 2110 4563; x_wconf 88' lang='lat' dir='ltr'>libris</span> <span class='ocrx_word' id='word_1_292' title='bbox 2146 4501 2275 4576; x_wconf 89' lang='lat' dir='ltr'>est,</span> <span class='ocrx_word' id='word_1_293' title='bbox 2315 4490 2454 4562; x_wconf 84' lang='lat' dir='ltr'>dici</span> <span class='ocrx_word' id='word_1_294' title='bbox 2490 4508 2616 4580; x_wconf 90' lang='lat' dir='ltr'>po-</span> 
     </span>
     <span class='ocr_line' id='line_1_41' title="bbox 252 4592 2614 4693; baseline -0.002 -30"><span class='ocrx_word' id='word_1_295' title='bbox 252 4597 390 4681; x_wconf 88' lang='lat' dir='ltr'>tuit,</span> <span class='ocrx_word' id='word_1_296' title='bbox 428 4619 557 4668; x_wconf 91' lang='lat' dir='ltr'>nec</span> <span class='ocrx_word' id='word_1_297' title='bbox 594 4607 788 4669; x_wconf 75' lang='lat' dir='ltr'>recte</span> <span class='ocrx_word' id='word_1_298' title='bbox 824 4597 1252 4670; x_wconf 85' lang='lat' dir='ltr'>scriberetur</span> <span class='ocrx_word' id='word_1_299' title='bbox 1286 4595 1499 4690; x_wconf 76' lang='grc' dir='ltr'><em>χωρὶς</em></span> <span class='ocrx_word' id='word_1_300' title='bbox 1533 4596 1608 4668; x_wconf 75' lang='grc' dir='ltr'>δὲ</span> <span class='ocrx_word' id='word_1_301' title='bbox 1646 4594 1878 4693; x_wconf 78' lang='grc' dir='ltr'><em>σηκοί,</em></span> <span class='ocrx_word' id='word_1_302' title='bbox 1922 4595 2096 4667; x_wconf 84' lang='lat' dir='ltr'>dura</span> <span class='ocrx_word' id='word_1_303' title='bbox 2129 4592 2614 4691; x_wconf 87' lang='lat' dir='ltr'>productione,</span> 
     </span>
    </p>
   </div>
  </div>
 </body>
</html>
