3328 5326
1320 401 1722 465 PlNDARUS.
2627 405 2700 466 9⁴

340 591 454 682 qui
502 590 801 662 Pindaro
848 602 1135 664 auctore
1186 594 1544 680 utebatur,
1584 594 1677 665 de
1728 597 1856 666 suo
1893 594 2195 680 addidit,
2233 617 2373 688 quo
2408 596 2708 669 hominis

338 704 657 765 naturam
691 695 946 766 ceteris
981 697 1195 768 rebus
1229 698 1481 768 creatis
1516 693 1873 792 praestare
1901 698 2327 771 ostenderet.
2402 698 2601 770 Adeo
2637 709 2711 770 et

338 798 682 869 sententia
726 808 798 868 et
852 799 1070 870 verba
1127 810 1197 870 et
1249 800 1426 873 ordo
1475 802 1848 874 verborum
1901 803 2260 895 vulgarem
2315 823 2710 873 sermonem

334 901 660 993 produnt.
715 902 793 972 In
819 902 902 973 iis
932 925 1099 974 vero
1128 926 1308 995 quae
1330 905 1633 998 genuina
1661 905 1937 976 Pindari
1952 906 2171 978 verba
2189 915 2373 991 sunt,
2392 907 2708 999 quamvis

336 1005 545 1076 docte
605 1004 698 1076 de
760 1006 1170 1077 Parrhasiae
1234 1008 1598 1080 conditore
1649 1008 1939 1103 Pelasgo
1985 1009 2429 1104 exposueriS‚
2479 1019 2710 1080 tamen

336 1108 772 1180 Parrhasiam
824 1110 1026 1180 istam
1076 1131 1217 1181 non
1267 1133 1478 1205 aegre
1533 1114 1719 1183 feres
1757 1112 1878 1183 tibi
1923 1114 2118 1206 eripi,
2160 1114 2217 1184 si
2270 1113 2709 1238 cogitaveriS,

335 1212 528 1304 quod
566 1213 899 1306 scriptum
929 1224 1037 1284 est
1062 1214 1407 1310 ἦραρυιάς
1435 1215 1605 1286 nihil
1654 1216 1841 1287 aliud
1870 1238 2028 1287 esse
2064 1239 2272 1309 quam
2303 1216 2348 1312 ἢ
2378 1214 2707 1310 Papias,

340 1316 830 1408 pertinereque
897 1317 1023 1389 ad
1042 1317 1386 1390 Diaulum.
1480 1320 1910 1415 Stephanus
1940 1321 2347 1413 Byzantius:
2415 1316 2715 1413 Ράριον

337 1418 639 1489 πεδίον’
604 1445 680 1490 εν
709 1420 1096 1510 Ελευσῑνι,
1157 1420 1274 1490 καὶ
1303 1421 1565 1517 'Papia
1612 1423 1722 1519 γῆ,
1761 1450 1878 1493 και
1907 1422 2206 1517 Ραριὰς
2239 1423 2282 1519 ἦ
2322 1416 2707 1518 Δημήτηρ.

337 1521 442 1592 De
478 1523 722 1615 spiritu
774 1523 948 1609 leni,
988 1546 1126 1616 quo
1162 1523 1297 1605 hoc
1334 1546 1586 1597 nomen
1643 1525 2089 1598 scribendum
2129 1536 2257 1611 est,
2298 1525 2714 1617 Gottlingius

339 1635 587 1696 noster
628 1626 960 1711 calidiuS,
1016 1637 1094 1700 ut
1135 1628 1349 1712 solet,
1388 1627 1723 1699 iudicavit
1761 1628 1851 1700 ad
1899 1629 2364 1701 Theodosium
2416 1652 2481 1722 p.
2537 1629 2712 1712 213,

339 1729 528 1821 apud
564 1751 776 1821 quem
801 1729 1041 1801 πεδίον
1068 1755 1133 1825 p.
1177 1731 1298 1803 27.
1331 1732 1429 1804 22
1468 1732 1778 1815 scribere
1807 1733 2131 1805 debebat.
2200 1733 2483 1803 Praeter
2510 1730 2717 1802 scho-

339 1833 611 1903 liastam
660 1833 971 1926 Dionysii
1017 1833 1301 1905 Thracis
1347 1835 1417 1903 in
1468 1835 1763 1908 Bekkeri
1812 1836 2037 1909 Aned.
2086 1860 2153 1931 p.
2216 1838 2361 1907 693
2384 1889 2405 1920 ,
2455 1839 2534 1904 Η
2599 1834 2718 1927 qui

341 1935 805 2008 Aeolensibus
842 1937 1041 2008 istam
1077 1938 1713 2030 pronuntiationem
1739 1940 1995 2025 tribuit,
2036 1939 2250 2036 ceteri
2287 1960 2463 2033 quos
2499 1938 2715 2009 sciam

341 2041 777 2132 grammatici
826 2062 968 2112 non
1017 2039 1421 2113 discernunt
1472 2043 1541 2111 in
1588 2042 1796 2114 huius
1833 2044 2131 2113 nominis
2178 2065 2312 2114 usu
2351 2042 2714 2125 dialectoS,
2788 2123 2797 2131 ,

339 2144 739 2237 pariterque
786 2154 858 2214 et
890 2143 1178 2214 Aeolica
1230 2166 1411 2237 quae
1464 2146 1763 2217 afferunt
1813 2143 2056 2243 ράρος,
2101 2142 2377 2243 ράριον,
2422 2155 2493 2215 et
2528 2166 2718 2216 cam-

340 2270 504 2340 pum
568 2247 848 2319 Rarium
913 2269 1234 2340 quaeque
1287 2248 1380 2318 ibi
1449 2250 1808 2321 colebatur
1871 2248 2143 2318 Rariam
2195 2247 2516 2318 Cererem
2578 2248 2718 2317 leni

339 2350 584 2443 spiritu
651 2351 1159 2445 pronuntiatam
1229 2351 1546 2437 tradunt,
1609 2344 2048 2424 Herodianus
2125 2351 2284 2446 περὶ
2360 2349 2719 2446 μονήρους

340 2455 580 2536 λέξεως
614 2477 681 2547 p.
727 2458 859 2549 35,
891 2457 957 2525 6.
999 2455 1306 2525 Lexicon
1357 2455 1516 2550 περὶ
1551 2454 1974 2546 πνευμάτων
2019 2479 2087 2549 p.
2130 2456 2301 2528 232.
2379 2453 2719 2525 Arcadius

342 2580 406 2650 p.
443 2559 620 2642 200,
654 2559 774 2631 22.
839 2558 1415 2676 Etymologicum·
1424 2559 1512 2628 M.
1549 2582 1619 2677 p.
1640 2559 1813 2643 702,
1849 2559 1966 2631 37.
2001 2558 2410 2629 scholiastes
2438 2557 2721 2628 Homeri

340 2661 431 2733 ad
460 2661 651 2732 Iliad.
685 2662 732 2732 I.
767 2663 884 2733 53.
918 2662 1361 2755 maximeque
1397 2661 1479 2748 is,
1510 2663 1708 2735 cuius
1738 2662 2257 2734 adnotationem
2285 2660 2720 2733 Gaisfordius

342 2766 411 2836 in
458 2766 850 2859 appendice
902 2765 1374 2837 Choerobosci
1421 2764 1642 2838 edidit
1692 2791 1758 2861 p.
1819 2769 2002 2851 905,
2060 2768 2127 2835 3.
2217 2767 2457 2858 ltaque
2511 2767 2719 2836 etiam

336 2870 625 2965 Ῥἆρος,
664 2880 862 2963 pater
898 2870 1297 2962 Triptolemi
1342 2870 1529 2963 apud
1567 2870 1978 2942 Pausaniam
2030 2870 2075 2939 Ι.
2124 2869 2243 2953 44,
2286 2873 2352 2940 3.
2395 2879 2466 2939 et
2500 2870 2719 2961 Hesy—

342 2971 600 3058 chium,
640 2974 759 3065 qui
788 2970 953 3067 Ῥὰρ
992 2973 1179 3066 apud
1215 2973 1532 3045 Photium
1555 2973 1785 3046 dictus
1813 2984 1944 3058 est,
1985 2974 2078 3042 ita
2114 2972 2528 3044 scribendus
2565 2973 2717 3056 erit,

343 3076 476 3145 etsi
522 3076 784 3147 librarii
831 3076 1092 3168 ubique
1145 3097 1469 3170 asperum
1528 3077 1842 3170 spiritum
1909 3087 2404 3169 apposuerunt.
2494 3076 2723 3147 Etiam

343 3179 516 3250 illud
570 3182 774 3251 facile
812 3180 1201 3265 concedeS,
1239 3201 1379 3250 non
1435 3181 1601 3250 satis
1640 3191 1936 3252 venuste
1988 3179 2312 3272 coniungi
2345 3173 2724 3272 Ἰάρβαντοί

346 3308 593 3375 φαντι.
672 3284 942 3357 Nomen
979 3283 1133 3368 viri,
1171 3283 1361 3376 quod
1390 3283 1510 3353 tibi
1549 3272 1842 3354 feliciter
1874 3282 2344 3377 suppeditavit
2379 3281 2721 3374 VirgiliuS,

345 3396 445 3471 ut,
474 3386 684 3459 valde
734 3386 1184 3482 probabiliter
1236 3377 1629 3460 restitutum
1696 3387 2002 3483 accipio,
2041 3382 2170 3457 sed
2206 3397 2280 3458 ut
2319 3385 2723 3459 addendum

347 3489 436 3560 sit
482 3491 767 3583 aliquod
812 3491 1204 3584 epitheton,
1256 3490 1446 3584 quod
1499 3491 1709 3562 etiam
1759 3491 1829 3560 in
1868 3490 2275 3584 Gigantibus
2327 3488 2724 3560 faciendum
2767 3490 2771 3496 ’

346 3592 543 3677 duxi,
576 3604 870 3686 utroque
899 3595 1054 3665 loco
1091 3604 1163 3664 et
1198 3616 1644 3667 numerorum
1683 3615 1955 3678 caussa,
1993 3604 2068 3664 et
2093 3593 2283 3686 quod
2319 3614 2549 3685 neque
2586 3594 2728 3661 Iar-

345 3695 473 3766 bas
512 3718 646 3768 nec
675 3697 1002 3790 Gigantes
1029 3697 1219 3769 nudo
1256 3699 1534 3768 nomine
1571 3720 1611 3768 a
1649 3699 1945 3769 Pindaro
1975 3695 2494 3769 commemorati
2528 3695 2727 3765 vide-

346 3799 624 3872 bantur.
704 3802 777 3871 ln
831 3802 1082 3873 ceteris
1135 3802 1301 3872 satis
1339 3812 1490 3871 erat
1526 3801 1843 3873 ordinem
1895 3802 2270 3873 verborum
2307 3798 2725 3890 quibusdam

344 3904 417 3973 in
455 3905 630 3975 locis
660 3916 950 3991 mutare,
978 3906 1406 3998 voculasque
1444 3905 1775 3991 adiicere,
1805 3927 1981 3998 quas
2011 3904 2306 3997 scriptor
2334 3902 2465 3972 iste
2503 3923 2544 3972 a
2582 3922 2721 3994 quo
2742 3913 2914 3977 1³³⁵ssss

340 4008 527 4081 haec
582 4008 944 4080 Pindarica
998 4009 1303 4081 numeris
1355 4010 1582 4081 soluta
1631 4010 2028 4102 accepimus
2050 4061 2068 4093 ,
2124 4005 2542 4079 omittendas
2592 4029 2725 4099 pu-

345 4121 588 4183 tasset.
673 4112 1089 4185 Dubitabam
1140 4113 1345 4183 etiam
1400 4133 1486 4183 an
1535 4110 1969 4207 ὀργιασμούς
2014 4110 2312 4182 dixisset
2362 4108 2723 4194 PindaruS,

344 4217 482 4286 etsi
545 4214 890 4311 ὀργιάζειν
954 4213 1140 4309 apud
1187 4215 1586 4308 Euripidem
1636 4225 1762 4286 est.
1862 4215 2101 4306 Itaque
2161 4236 2375 4306 quum
2427 4223 2725 4285 metrum

344 4319 770 4390 videretur'
736 4317 989 4417 οργίων
1015 4339 1333 4413 poscere,
1374 4318 1509 4390 hoc
1546 4319 1765 4413 posui.
1833 4316 2007 4391 Vide
2037 4318 2241 4411 igitur
2277 4338 2368 4388 an
2404 4317 2527 4387 tibi
2566 4338 2726 4411 pro-

343 4423 555 4493 betur
591 4421 769 4523 haec
815 4423 1029 4506 rati0,
1069 4443 1207 4515 qua
1258 4422 1393 4493 hoc
1433 4445 1680 4495 versus
1730 4420 2025 4515 scriptos
2066 4421 2278 4493 fuisse
2314 4421 2464 4491 veri
2499 4419 2721 4491 simile

346 4537 539 4619 puto.
617 4526 844 4599 Nam
827 4549 894 4597 1n
934 4525 1328 4598 huiusmodi
1368 4547 1619 4598 caussa
1668 4548 1809 4597 non
1861 4526 2025 4596 licet
2062 4525 2331 4618 longius
2368 4521 2722 4617 progredi,

345 4651 561 4720 quam
610 4639 688 4700 ut
737 4629 1059 4701 afferatur
1108 4629 1296 4721 quod
1345 4630 1563 4723 possit
1621 4652 1863 4701 verum
1921 4650 2098 4702 esse.
2196 4626 2496 4698 Tertium
2545 4634 2727 4695 stro-
