3328 5326
703 387 773 448 2⁴
793 390 826 449 4
1682 387 2112 450 EURIPIDES.

1121 639 1130 648 .
1221 629 1539 648 ......
1587 577 1736 656 οἶος
1765 574 2082 669 ἰάλεμος,
2126 576 2243 650 οἶά
2281 606 2357 649 τε
2393 578 2617 674 πένθη

1216 676 1482 776 δάκρυα
1518 683 1573 751 τ’
1615 686 1688 752 ἐκ
1725 679 2043 777 δακρύων
2080 680 2560 774 καταλείβεται
2595 681 2995 775 ἁμετέροισι

1217 781 1570 874 δώμασιν,
1640 786 1799 855 οὐδ’
1870 785 1908 855 ὁ
1971 784 2216 855 θανών
2283 782 2606 902 ἀδᾴκρυτ’
2675 781 3081 856 ἐπιλάθεται

2573 887 2859 977 ἀλγέων.

914 990 992 1059 V.
1041 990 1213 1061 651.
1287 989 1445 1060 Non
1493 1002 1887 1085 repeterem
1941 992 2127 1064 hunc
2180 1012 2457 1066 versum
2496 991 2599 1061 sic
2639 987 3081 1061 scribendum

707 1115 867 1164 esse
898 1105 971 1164 ut
1000 1092 1184 1187 apud
1217 1093 1603 1165 Seidlerum
1641 1095 1813 1179 dixi,
1855 1095 1984 1167 nisi
2020 1096 2380 1189 perinepte
2416 1095 2510 1167 de
2539 1116 2624 1165 eo
2664 1094 3083 1187 disputatum

708 1196 1044 1267 viderem.

915 1300 989 1369 V.
1028 1302 1196 1371 655.
1230 1311 1578 1371 mortuum
1620 1301 1889 1371 felicem
1928 1302 2343 1396 praedicans
2371 1301 2865 1376 Andromacha
2892 1299 3078 1382 dicit,

613 1453 622 1462 ·
707 1404 902 1493 ἀλγεῖ
945 1402 1077 1498 γὰρ
1131 1402 1331 1473 οὐδὲν
1384 1404 1527 1474 τῶν
1579 1404 1806 1475 κακῶν
1854 1406 2282 1501 ᾐσθημένος.
2369 1406 2480 1478 Ad
2532 1404 3090 1480 constructiones

704 1507 1080 1578 verborum
1117 1508 1358 1576 attenti
1391 1508 1828 1600 interpreteS,
1861 1509 2025 1581 dum
2064 1511 2351 1580 alteram
2388 1509 2833 1602 negationem
2873 1528 3075 1599 quae-

707 1619 903 1694 runt,
960 1631 1097 1680 non
1146 1610 1540 1703 cogitarunt
1576 1611 1688 1681 hic
1743 1611 1879 1683 dici
1932 1613 2261 1684 debuisse
2309 1613 2858 1702 αἰσθανόμενος.
2963 1610 3079 1680 Fa-

707 1714 1031 1785 cillimum
1070 1724 1220 1784 erat
1255 1715 1398 1784 τῶν
1433 1715 1663 1784 κακῶν
1700 1716 2098 1811 ἡσσημένος
2125 1717 2468 1790 scribere:
2512 1737 2650 1790 non
2682 1715 2877 1786 dolet
2905 1735 3088 1784 mor--

708 1827 892 1902 tuUS‚
932 1817 1123 1909 quod
1159 1818 1357 1887 malis
1394 1819 1783 1889 succubuit.

915 1921 990 1990 V.
1029 1921 1198 1992 749.
1258 1921 1383 1990 Hic
1435 1944 1715 2013 quoque
1762 1924 2086 2014 quoniam
2135 1924 2444 1994 construi
2497 1923 2715 1994 verba
2767 1929 3073 2015 possunt,

705 2025 1049 2118 patienter
1087 2026 1393 2095 tulerunt
1432 2026 1651 2095 critici
1691 2025 1878 2096 dicta
1915 2027 2432 2098 absurdissima.
2518 2027 2756 2098 Monet
2803 2024 3081 2095 Hecuba

705 2128 1304 2213 Andromacham,
1347 2138 1421 2201 ut
1469 2151 1547 2200 se
1595 2130 2035 2201 commodam
2075 2131 2533 2224 Neoptolemo
2575 2130 2908 2223 praebeat
2944 2149 3077 2198 ser—

704 2232 918 2303 vandi
973 2231 1091 2301 filii
1145 2233 1585 2326 Astyanactis
1637 2255 1919 2317 caussa,
1990 2257 2115 2328 per
2180 2234 2377 2305 cuius
2431 2243 2750 2327 posteros
2818 2230 3086 2303 renasci

707 2337 911 2406 Troia
948 2337 1199 2429 possit:

1174 2440 1291 2509 καὶ
1327 2442 1544 2510 παῑὸα
1582 2436 1784 2509 τόνὸε
1820 2439 2072 2519 παιδὸς
2110 2443 2526 2571 ἐκθρέψειας
2562 2440 2652 2510 ἂν

1185 2541 1451 2636 Τροίας
1486 2544 1821 2633 μέγιστον
1859 2546 2189 2640 ὠφέλημ’,
2236 2545 2315 2615 ἵν’
2359 2551 2439 2618 οἵ
2458 2570 2633 2616 ποτε

1174 2649 1245 2717 ἐκ
1285 2645 1413 2716 σοῦ’
1449 2640 1812 2736 γενόμενοι
1848 2649 2086 2726 παΐὸες
2107 2647 2318 2720 ’λλιον
2357 2643 2566 2719 πάλιν

1175 2747 1644 2819 κατοικίσειαν
1684 2777 1800 2819 και
1836 2747 2032 2829 πόλις
2066 2753 2309 2845 γε”νοιτ
2351 2752 2480 2821 ἔτι.

710 2850 985 2929 Παιδὸς
1036 2852 1394 2945 perinepte
1447 2851 1715 2922 diceret
1765 2853 2052 2924 Hecuba
2104 2876 2243 2924 non
2294 2853 2532 2925 addito
2587 2855 2787 2945 ἐμοῦ.
2908 2850 3085 2937 Quid

709 2966 940 3026 autem
980 2955 1116 3026 hoc
1156 2967 1283 3040 est,
1323 2955 1515 3047 quod
1549 2955 2049 3048 Astyanactem
2083 2960 2414 3047 μέγιστον
2453 2959 2789 3053 ὠφέλημα
2824 2954 3093 3052 Τροίαςμ

708 3059 1151 3131 educandum
1191 3058 1383 3142 dicit,
1424 3083 1638 3152 quum
1677 3060 1907 3131 deleta
1944 3061 2033 3132 sit
2069 3061 2319 3131 Troia‘?
2372 3060 2642 3134 Deinde
2689 3080 2874 3152 quae
2914 3060 3090 3129 haec

708 3164 777 3232 in
825 3164 1111 3235 Hecuba
1162 3173 1270 3234 est
1320 3164 1569 3233 mentis
1625 3165 2078 3257 perversitaS‚
2132 3176 2206 3237 ut
2251 3163 2787 3235 Andromachae
2832 3174 2903 3234 et
2948 3182 3087 3232 non·

709 3267 1026 3338 Hectoris
1081 3278 1399 3360 posteros
1438 3266 1630 3337 dicat
1669 3269 2167 3339 instauratores
2207 3270 2353 3339 fore
2391 3269 2690 3341 Troiae?
2768 3266 2857 3336 At
2905 3267 3079 3336 enim

707 3370 844 3440 hoc
896 3374 967 3441 ἐκ
1006 3370 1133 3440 σοῦ’
1173 3370 1474 3441 absurda
1528 3382 1636 3440 est
1671 3371 2105 3463 grammatici
2157 3373 2532 3451 correctio:
2603 3370 2854 3457 Aldina
2899 3378 3089 3440 recte

708 3478 777 3555 ἐξ
830 3470 942 3544 οὗ.
1057 3472 1372 3565 Denique
1426 3473 1593 3564 quid
1646 3473 1818 3559 hoc,
1873 3474 1990 3543 καὶ
2037 3471 2234 3552 πόλις
2284 3476 2528 3565 γένοιτ’
2570 3475 2722 3546 ἕτιῗ
2801 3474 2955 3545 Non
2991 3472 3089 3542 sic

707 3576 984 3670 scripsit
1020 3576 1407 3670 EuripideS,
1448 3575 1577 3647 sed
1613 3576 1747 3647 hoc
1785 3575 2022 3649 dicere
2060 3577 2335 3648 debuit:

1174 3679 1290 3750 καὶ
1317 3680 1536 3749 παῖδα
1562 3676 1768 3750 τόνδε
1794 3680 2060 3776 πατρὸς
2087 3683 2501 3776 ἐκθρέψειας
2530 3681 2645 3770 ἂν,

1187 3780 1450 3878 Τροίας
1484 3784 1818 3873 μέγιστον
1856 3785 2154 3881 ὠφέλημ’
2202 3785 2280 3862 ὃς
2308 3780 2393 3880 ἦν
2420 3787 2620 3874 ποτέ,

1176 3891 1245 3968 ἐξ
1282 3882 1368 3955 οὗ
1403 3882 1769 3976 γενόμενοι
1806 3889 2045 3964 παῖδες
2077 3887 2284 3958 Ἰλίου
2321 3886 2525 3958 πόλιν

1177 3986 1650 4060 κατοικίσειαν
1688 3988 1803 4058 καὶ
1838 3987 2046 4060 πάλιν
2079 3991 2327 4081 γένοιτ’
2370 3990 2499 4062 ἔτι.

711 4090 814 4160 De
853 4094 1253 4184 posterioris
1292 4091 1570 4163 distichi
1607 4091 1971 4184 scriptura,
2012 4115 2225 4185 quum
2253 4116 2379 4186 pro
2409 4115 2495 4164 eo
2524 4094 2717 4186 quod
2746 4095 2815 4163 in
2842 4092 3085 4163 Aldina

624 4254 628 4262 .
713 4202 843 4278 est,
873 4193 1113 4284 Ἴλιον,
1157 4197 1225 4265 in
1266 4195 1628 4267 codicibus
1657 4195 1956 4291 ὕστερον
1993 4198 2102 4282 sit,
2142 4197 2442 4269 dubitari
2481 4197 2551 4267 in
2588 4199 2745 4269 loco
2776 4205 3008 4291 aperte
3043 4215 3080 4262 a

551 4335 606 4387 p.
628 4322 690 4370 ⁴4
710 4298 1178 4391 grammaticis
1206 4299 1450 4370 reficto
1481 4308 1730 4392 potest.
1791 4299 1965 4370 Nam
1996 4312 2186 4372 recte
2225 4322 2302 4372 se
2339 4302 2551 4373 etiam
2590 4301 2726 4373 hoc
2766 4302 3083 4372 haberetz

708 4406 779 4485 ἐξ
808 4395 894 4471 οὗ
920 4398 1284 4491 γενόμενοι
1312 4404 1554 4479 παῖδες
1582 4400 1878 4497 ὕστερον
1905 4401 2116 4475 πάλιν
2145 4403 2616 4476 κατοικίσειαν
2647 4401 2859 4483 αὖθις
2881 4401 3086 4474 Ἰλίου

706 4502 945 4577 πόλιν;
987 4524 1070 4575 ac
1109 4506 1348 4576 nescio
1387 4527 1473 4575 an
1513 4504 1645 4574 hoc
1683 4517 2010 4598 praestet.

914 4606 991 4678 V.
1032 4606 1199 4677 764.
1262 4608 1556 4680 Credam
1585 4609 1986 4703 Euripidem
2027 4621 2145 4683 aut
2173 4611 2302 4699 οὐχ
2330 4610 2422 4687 ὥς
2451 4617 2789 4704 σφαγεῖον
2817 4610 3082 4683 Δαναΐ·-
