<?xml version="1.0" encoding="UTF-8"?>
<!DOCTYPE html PUBLIC "-//W3C//DTD XHTML 1.0 Transitional//EN"
    "http://www.w3.org/TR/xhtml1/DTD/xhtml1-transitional.dtd">
<html xmlns="http://www.w3.org/1999/xhtml" xml:lang="en" lang="en">
 <head>
  <title>
</title>
<meta http-equiv="Content-Type" content="text/html;charset=utf-8" />
  <meta name='ocr-system' content='tesseract 3.04.00' />
  <meta name='ocr-capabilities' content='ocr_page ocr_carea ocr_par ocr_line ocrx_word'/>
</head>
<body>
  <div class='ocr_page' id='page_1' title='image "./godofrediherman02hermgoog/godofrediherman02hermgoog_0415.png"; bbox 0 0 3328 5326; ppageno 0'>
   <div class='ocr_carea' id='block_1_1' title="bbox 1332 332 2731 432">
    <p class='ocr_par' dir='ltr' id='par_1_1' title="bbox 1332 332 2731 432">
     <span class='ocr_line' id='line_1_1' title="bbox 1332 332 2731 432; baseline 0.002 -4"><span class='ocrx_word' id='word_1_1' title='bbox 1332 332 1741 430; x_wconf 58' lang='lat' dir='ltr'>nolimus,</span> <span class='ocrx_word' id='word_1_2' title='bbox 2599 367 2731 432; x_wconf 72' lang='lat'>397·</span> 
     </span>
    </p>
   </div>
   <div class='ocr_carea' id='block_1_2' title="bbox 310 555 2872 4699">
    <p class='ocr_par' dir='ltr' id='par_1_2' title="bbox 310 555 2872 4699">
     <span class='ocr_line' id='line_1_2' title="bbox 340 555 2734 653; baseline 0.004 -28"><span class='ocrx_word' id='word_1_3' title='bbox 340 555 479 627; x_wconf 92' lang='lat' dir='ltr'>hoc</span> <span class='ocrx_word' id='word_1_4' title='bbox 511 579 815 639; x_wconf 87' lang='lat' dir='ltr'>carmen.</span> <span class='ocrx_word' id='word_1_5' title='bbox 878 561 1100 631; x_wconf 80' lang='lat' dir='ltr'>Habet</span> <span class='ocrx_word' id='word_1_6' title='bbox 1126 563 1313 632; x_wconf 90' lang='lat' dir='ltr'>enim</span> <span class='ocrx_word' id='word_1_7' title='bbox 1351 562 1556 653; x_wconf 89' lang='lat' dir='ltr'>longa</span> <span class='ocrx_word' id='word_1_8' title='bbox 1593 563 1710 631; x_wconf 88' lang='lat' dir='ltr'>illa</span> <span class='ocrx_word' id='word_1_9' title='bbox 1747 561 2177 633; x_wconf 79' lang='lat' dir='ltr'>enumeratio</span> <span class='ocrx_word' id='word_1_10' title='bbox 2215 584 2447 635; x_wconf 88' lang='lat' dir='ltr'>rerum</span> <span class='ocrx_word' id='word_1_11' title='bbox 2484 584 2734 636; x_wconf 35' lang='lat' dir='ltr'>earum}</span> 
     </span>
     <span class='ocr_line' id='line_1_3' title="bbox 342 658 2728 760; baseline 0.003 -28"><span class='ocrx_word' id='word_1_12' title='bbox 342 661 597 751; x_wconf 83' lang='lat' dir='ltr'>quibus</span> <span class='ocrx_word' id='word_1_13' title='bbox 633 658 943 753; x_wconf 77' lang='lat' dir='ltr'>gaudere</span> <span class='ocrx_word' id='word_1_14' title='bbox 984 664 1608 736; x_wconf 82' lang='lat' dir='ltr'>homines-soleant</span> <span class='ocrx_word' id='word_1_15' title='bbox 1636 664 1897 757; x_wconf 83' lang='lat' dir='ltr'>aliquid</span> <span class='ocrx_word' id='word_1_16' title='bbox 1923 666 2228 736; x_wconf 90' lang='lat' dir='ltr'>molesti:</span> <span class='ocrx_word' id='word_1_17' title='bbox 2270 688 2451 759; x_wconf 86' lang='lat' dir='ltr'>quae</span> <span class='ocrx_word' id='word_1_18' title='bbox 2479 689 2728 760; x_wconf 83' lang='lat' dir='ltr'>quam-</span> 
     </span>
     <span class='ocr_line' id='line_1_4' title="bbox 342 763 2730 860; baseline 0.004 -28"><span class='ocrx_word' id='word_1_19' title='bbox 342 763 449 834; x_wconf 89' lang='lat' dir='ltr'>vis</span> <span class='ocrx_word' id='word_1_20' title='bbox 490 764 758 857; x_wconf 88' lang='lat' dir='ltr'>singula</span> <span class='ocrx_word' id='word_1_21' title='bbox 796 769 1034 860; x_wconf 88' lang='lat' dir='ltr'>pulcre</span> <span class='ocrx_word' id='word_1_22' title='bbox 1073 780 1416 839; x_wconf 81' lang='lat' dir='ltr'>exornata</span> <span class='ocrx_word' id='word_1_23' title='bbox 1453 769 1626 852; x_wconf 89' lang='lat' dir='ltr'>sint,</span> <span class='ocrx_word' id='word_1_24' title='bbox 1684 780 1914 839; x_wconf 88' lang='lat' dir='ltr'>tamen</span> <span class='ocrx_word' id='word_1_25' title='bbox 1968 770 2302 840; x_wconf 89' lang='lat' dir='ltr'>lectorem</span> <span class='ocrx_word' id='word_1_26' title='bbox 2353 771 2555 841; x_wconf 89' lang='lat' dir='ltr'>nimis</span> <span class='ocrx_word' id='word_1_27' title='bbox 2607 770 2730 842; x_wconf 89' lang='lat' dir='ltr'>diu</span> 
     </span>
     <span class='ocr_line' id='line_1_5' title="bbox 342 871 2740 971; baseline 0.004 -35"><span class='ocrx_word' id='word_1_28' title='bbox 342 889 761 961; x_wconf 88' lang='lat' dir='ltr'>suspensum</span> <span class='ocrx_word' id='word_1_29' title='bbox 800 882 1040 971; x_wconf 83' lang='lat' dir='ltr'>tenent</span> <span class='ocrx_word' id='word_1_30' title='bbox 1077 895 1296 965; x_wconf 89' lang='lat' dir='ltr'>usque</span> <span class='ocrx_word' id='word_1_31' title='bbox 1334 871 1501 943; x_wconf 86' lang='lat' dir='ltr'>dum</span> <span class='ocrx_word' id='word_1_32' title='bbox 1539 894 1664 942; x_wconf 91' lang='lat' dir='ltr'>cur</span> <span class='ocrx_word' id='word_1_33' title='bbox 1701 872 1813 942; x_wconf 85' lang='lat' dir='ltr'>illa</span> <span class='ocrx_word' id='word_1_34' title='bbox 1865 883 2414 966; x_wconf 86' lang='lat' dir='ltr'>percenseantur</span> <span class='ocrx_word' id='word_1_35' title='bbox 2464 896 2740 967; x_wconf 73' lang='lat' dir='ltr'>cogno-</span> 
     </span>
     <span class='ocr_line' id='line_1_6' title="bbox 345 973 2740 1068; baseline 0.004 -28"><span class='ocrx_word' id='word_1_36' title='bbox 345 983 519 1042; x_wconf 89' lang='lat' dir='ltr'>scat.</span> <span class='ocrx_word' id='word_1_37' title='bbox 583 973 723 1043; x_wconf 85' lang='lat' dir='ltr'>Sed</span> <span class='ocrx_word' id='word_1_38' title='bbox 758 973 934 1045; x_wconf 90' lang='lat' dir='ltr'>haec</span> <span class='ocrx_word' id='word_1_39' title='bbox 971 976 1255 1068; x_wconf 88' lang='lat' dir='ltr'>quidem</span> <span class='ocrx_word' id='word_1_40' title='bbox 1293 976 1731 1047; x_wconf 85' lang='lat' dir='ltr'>consuetudo</span> <span class='ocrx_word' id='word_1_41' title='bbox 1768 986 1877 1046; x_wconf 92' lang='lat' dir='ltr'>est</span> <span class='ocrx_word' id='word_1_42' title='bbox 1901 974 2189 1061; x_wconf 74' lang='lat' dir='ltr'>HoratIi,</span> <span class='ocrx_word' id='word_1_43' title='bbox 2220 979 2315 1047; x_wconf 85' lang='lat' dir='ltr'>ita</span> <span class='ocrx_word' id='word_1_44' title='bbox 2344 986 2416 1048; x_wconf 91' lang='lat' dir='ltr'>ut</span> <span class='ocrx_word' id='word_1_45' title='bbox 2454 978 2569 1047; x_wconf 89' lang='lat' dir='ltr'>illa</span> <span class='ocrx_word' id='word_1_46' title='bbox 2606 1000 2740 1049; x_wconf 78' lang='lat' dir='ltr'>cu-</span> 
     </span>
     <span class='ocr_line' id='line_1_7' title="bbox 342 1076 2730 1173; baseline 0.003 -31"><span class='ocrx_word' id='word_1_47' title='bbox 342 1076 723 1146; x_wconf 83' lang='lat' dir='ltr'>mulatione</span> <span class='ocrx_word' id='word_1_48' title='bbox 778 1080 1258 1173; x_wconf 82' lang='lat' dir='ltr'>exemplorum</span> <span class='ocrx_word' id='word_1_49' title='bbox 1308 1081 1515 1150; x_wconf 91' lang='lat' dir='ltr'>etiam</span> <span class='ocrx_word' id='word_1_50' title='bbox 1552 1079 1943 1151; x_wconf 89' lang='lat' dir='ltr'>delectatus</span> <span class='ocrx_word' id='word_1_51' title='bbox 1979 1080 2326 1165; x_wconf 88' lang='lat' dir='ltr'>videatur,</span> <span class='ocrx_word' id='word_1_52' title='bbox 2366 1090 2442 1152; x_wconf 91' lang='lat' dir='ltr'>ut</span> <span class='ocrx_word' id='word_1_53' title='bbox 2480 1082 2553 1150; x_wconf 87' lang='grc' dir='ltr'>Π.</span> <span class='ocrx_word' id='word_1_54' title='bbox 2608 1083 2730 1151; x_wconf 58' lang='lat'>213.</span> 
     </span>
     <span class='ocr_line' id='line_1_8' title="bbox 358 1177 2739 1276; baseline 0.001 -30"><span class='ocrx_word' id='word_1_55' title='bbox 358 1177 470 1248; x_wconf 72' lang='lat'>14.</span> <span class='ocrx_word' id='word_1_56' title='bbox 513 1189 585 1249; x_wconf 92' lang='lat' dir='ltr'>et</span> <span class='ocrx_word' id='word_1_57' title='bbox 620 1181 843 1273; x_wconf 89' lang='lat' dir='ltr'>magis</span> <span class='ocrx_word' id='word_1_58' title='bbox 881 1184 1090 1253; x_wconf 88' lang='lat' dir='ltr'>etiam</span> <span class='ocrx_word' id='word_1_59' title='bbox 1135 1187 1196 1254; x_wconf 74' lang='lat'>4.</span> <span class='ocrx_word' id='word_1_60' title='bbox 1235 1183 1302 1254; x_wconf 82' lang='lat'>7.</span> <span class='ocrx_word' id='word_1_61' title='bbox 1337 1186 1535 1255; x_wconf 90' lang='lat' dir='ltr'>cuius</span> <span class='ocrx_word' id='word_1_62' title='bbox 1576 1184 1903 1254; x_wconf 83' lang='lat' dir='ltr'><strong>carminis</strong></span> <span class='ocrx_word' id='word_1_63' title='bbox 1940 1185 2268 1276; x_wconf 89' lang='lat' dir='ltr'>quoniam</span> <span class='ocrx_word' id='word_1_64' title='bbox 2304 1185 2739 1255; x_wconf 76' lang='lat' dir='ltr'>mentionem</span> 
     </span>
     <span class='ocr_line' id='line_1_9' title="bbox 343 1282 2518 1382; baseline 0.004 -32"><span class='ocrx_word' id='word_1_65' title='bbox 343 1283 505 1365; x_wconf 91' lang='lat' dir='ltr'>feci,</span> <span class='ocrx_word' id='word_1_66' title='bbox 546 1305 690 1353; x_wconf 89' lang='lat' dir='ltr'>non</span> <span class='ocrx_word' id='word_1_67' title='bbox 727 1286 965 1356; x_wconf 89' lang='lat' dir='ltr'>inutile</span> <span class='ocrx_word' id='word_1_68' title='bbox 1002 1288 1205 1358; x_wconf 85' lang='lat' dir='ltr'>fuerit</span> <span class='ocrx_word' id='word_1_69' title='bbox 1244 1309 1467 1382; x_wconf 89' lang='lat' dir='ltr'>pauca</span> <span class='ocrx_word' id='word_1_70' title='bbox 1505 1282 1851 1358; x_wconf 76' lang='lat' dir='ltr'>adieciSSe</span> <span class='ocrx_word' id='word_1_71' title='bbox 1888 1287 1980 1358; x_wconf 93' lang='lat' dir='ltr'>de</span> <span class='ocrx_word' id='word_1_72' title='bbox 2018 1288 2127 1358; x_wconf 90' lang='lat' dir='ltr'>his</span> <span class='ocrx_word' id='word_1_73' title='bbox 2164 1288 2518 1358; x_wconf 87' lang='lat' dir='ltr'>versibus:</span> 
     </span>
     <span class='ocr_line' id='line_1_10' title="bbox 538 1388 2486 1485; baseline 0.003 -31"><span class='ocrx_word' id='word_1_74' title='bbox 538 1396 707 1456; x_wconf 75' lang='lat' dir='ltr'>&#39;sunt</span> <span class='ocrx_word' id='word_1_75' title='bbox 742 1388 977 1482; x_wconf 78' lang='lat' dir='ltr'>quibas</span> <span class='ocrx_word' id='word_1_76' title='bbox 1012 1414 1219 1460; x_wconf 80' lang='lat' dir='ltr'>unum</span> <span class='ocrx_word' id='word_1_77' title='bbox 1257 1415 1422 1485; x_wconf 82' lang='lat' dir='ltr'>opas</span> <span class='ocrx_word' id='word_1_78' title='bbox 1459 1399 1556 1462; x_wconf 88' lang='lat' dir='ltr'>est</span> <span class='ocrx_word' id='word_1_79' title='bbox 1586 1391 1873 1462; x_wconf 78' lang='lat' dir='ltr'>intactae</span> <span class='ocrx_word' id='word_1_80' title='bbox 1912 1388 2214 1462; x_wconf 79' lang='lat' dir='ltr'>Palladis</span> <span class='ocrx_word' id='word_1_81' title='bbox 2258 1390 2486 1460; x_wconf 84' lang='lat' dir='ltr'>arbem</span> 
     </span>
     <span class='ocr_line' id='line_1_11' title="bbox 663 1493 1772 1588; baseline 0.004 -28"><span class='ocrx_word' id='word_1_82' title='bbox 663 1493 955 1563; x_wconf 78' lang='lat' dir='ltr'>carmine</span> <span class='ocrx_word' id='word_1_83' title='bbox 981 1503 1302 1588; x_wconf 82' lang='lat' dir='ltr'>perpetuo</span> <span class='ocrx_word' id='word_1_84' title='bbox 1340 1493 1673 1565; x_wconf 82' lang='lat' dir='ltr'>celebrare</span> <span class='ocrx_word' id='word_1_85' title='bbox 1709 1503 1772 1564; x_wconf 88' lang='lat' dir='ltr'>et</span> 
     </span>
     <span class='ocr_line' id='line_1_12' title="bbox 558 1594 2264 1693; baseline 0.002 -31"><span class='ocrx_word' id='word_1_86' title='bbox 558 1594 848 1689; x_wconf 44' lang='lat' dir='ltr'>wundique</span> <span class='ocrx_word' id='word_1_87' title='bbox 887 1597 1262 1693; x_wconf 79' lang='lat' dir='ltr'>decerptam</span> <span class='ocrx_word' id='word_1_88' title='bbox 1295 1598 1502 1693; x_wconf 77' lang='lat' dir='ltr'>fronti</span> <span class='ocrx_word' id='word_1_89' title='bbox 1529 1620 1946 1692; x_wconf 79' lang='lat' dir='ltr'>praeponere</span> <span class='ocrx_word' id='word_1_90' title='bbox 1984 1597 2264 1677; x_wconf 83' lang='lat' dir='ltr'>olivam,-</span> 
     </span>
     <span class='ocr_line' id='line_1_13' title="bbox 657 1699 1765 1792; baseline 0.003 -25"><span class='ocrx_word' id='word_1_91' title='bbox 657 1699 989 1792; x_wconf 76' lang='lat' dir='ltr'>plarimus</span> <span class='ocrx_word' id='word_1_92' title='bbox 1025 1701 1101 1773; x_wconf 35' lang='lat' dir='ltr'>in·</span> <span class='ocrx_word' id='word_1_93' title='bbox 1134 1701 1414 1773; x_wconf 79' lang='lat' dir='ltr'>Iunonis</span> <span class='ocrx_word' id='word_1_94' title='bbox 1451 1700 1765 1772; x_wconf 79' lang='lat' dir='ltr'>honorem</span> 
     </span>
     <span class='ocr_line' id='line_1_14' title="bbox 564 1802 2187 1910; baseline 0.002 -40"><span class='ocrx_word' id='word_1_95' title='bbox 564 1811 792 1894; x_wconf 82' lang='lat' dir='ltr'>aptam</span> <span class='ocrx_word' id='word_1_96' title='bbox 830 1802 1000 1874; x_wconf 82' lang='lat' dir='ltr'>dicet</span> <span class='ocrx_word' id='word_1_97' title='bbox 1037 1805 1220 1910; x_wconf 82' lang='lat' dir='ltr'>equis</span> <span class='ocrx_word' id='word_1_98' title='bbox 1257 1803 1470 1900; x_wconf 72' lang='lat' dir='ltr'>Aryos</span> <span class='ocrx_word' id='word_1_99' title='bbox 1508 1804 1800 1899; x_wconf 80' lang='lat' dir='ltr'>ditesque</span> <span class='ocrx_word' id='word_1_100' title='bbox 1841 1803 2150 1897; x_wconf 77' lang='lat' dir='ltr'>Mycenas</span> <span class='ocrx_word' id='word_1_101' title='bbox 2162 1831 2187 1885; x_wconf 85' lang='grc'>,·</span> 
     </span>
     <span class='ocr_line' id='line_1_15' title="bbox 663 1907 1909 2003; baseline 0.002 -28"><span class='ocrx_word' id='word_1_102' title='bbox 663 1929 766 1976; x_wconf 85' lang='lat' dir='ltr'>me</span> <span class='ocrx_word' id='word_1_103' title='bbox 802 1930 921 1977; x_wconf 76' lang='lat' dir='ltr'>nec</span> <span class='ocrx_word' id='word_1_104' title='bbox 958 1916 1091 1978; x_wconf 81' lang='lat' dir='ltr'>tam</span> <span class='ocrx_word' id='word_1_105' title='bbox 1121 1909 1387 2003; x_wconf 78' lang='lat' dir='ltr'>patiens</span> <span class='ocrx_word' id='word_1_106' title='bbox 1424 1907 1909 1993; x_wconf 79' lang='lat' dir='ltr'>Lacedaemon,</span> 
     </span>
     <span class='ocr_line' id='line_1_16' title="bbox 558 2005 2187 2106; baseline 0.002 -29"><span class='ocrx_word' id='word_1_107' title='bbox 558 2033 677 2078; x_wconf 72' lang='lat' dir='ltr'>nec</span> <span class='ocrx_word' id='word_1_108' title='bbox 714 2018 849 2079; x_wconf 83' lang='lat' dir='ltr'>tam</span> <span class='ocrx_word' id='word_1_109' title='bbox 888 2005 1201 2082; x_wconf 75' lang='lat' dir='ltr'>Larissae</span> <span class='ocrx_word' id='word_1_110' title='bbox 1234 2012 1558 2106; x_wconf 76' lang='lat' dir='ltr'>percussit</span> <span class='ocrx_word' id='word_1_111' title='bbox 1595 2035 1868 2106; x_wconf 79' lang='lat' dir='ltr'>campus</span> <span class='ocrx_word' id='word_1_112' title='bbox 1906 2010 2187 2106; x_wconf 79' lang='lat' dir='ltr'>opimae,</span> 
     </span>
     <span class='ocr_line' id='line_1_17' title="bbox 666 2115 1939 2207; baseline 0.001 -25"><span class='ocrx_word' id='word_1_113' title='bbox 666 2137 866 2207; x_wconf 83' lang='lat' dir='ltr'>qaam</span> <span class='ocrx_word' id='word_1_114' title='bbox 903 2115 1135 2185; x_wconf 84' lang='lat' dir='ltr'>domas</span> <span class='ocrx_word' id='word_1_115' title='bbox 1172 2115 1512 2186; x_wconf 77' lang='lat' dir='ltr'>Albuneae</span> <span class='ocrx_word' id='word_1_116' title='bbox 1546 2116 1939 2200; x_wconf 75' lang='lat' dir='ltr'>resonantis,</span> 
     </span>
     <span class='ocr_line' id='line_1_18' title="bbox 560 2216 2115 2312; baseline 0.002 -28"><span class='ocrx_word' id='word_1_117' title='bbox 560 2226 622 2285; x_wconf 83' lang='lat' dir='ltr'>et</span> <span class='ocrx_word' id='word_1_118' title='bbox 654 2239 972 2312; x_wconf 84' lang='lat' dir='ltr'>praeceps</span> <span class='ocrx_word' id='word_1_119' title='bbox 1009 2216 1182 2288; x_wconf 78' lang='lat' dir='ltr'>Anio</span> <span class='ocrx_word' id='word_1_120' title='bbox 1222 2244 1300 2288; x_wconf 88' lang='lat' dir='ltr'>ac</span> <span class='ocrx_word' id='word_1_121' title='bbox 1347 2218 1620 2290; x_wconf 76' lang='lat' dir='ltr'><strong><em>Tiburni</em></strong></span> <span class='ocrx_word' id='word_1_122' title='bbox 1658 2219 1846 2289; x_wconf 78' lang='lat' dir='ltr'>lucas</span> <span class='ocrx_word' id='word_1_123' title='bbox 1883 2226 1945 2287; x_wconf 86' lang='lat' dir='ltr'>ct</span> <span class='ocrx_word' id='word_1_124' title='bbox 1978 2217 2115 2287; x_wconf 83' lang='lat' dir='ltr'>ada</span> 
     </span>
     <span class='ocr_line' id='line_1_19' title="bbox 661 2318 1569 2416; baseline 0.003 -27"><span class='ocrx_word' id='word_1_125' title='bbox 661 2318 1013 2392; x_wconf 82' lang='lat' dir='ltr'>mobilibus</span> <span class='ocrx_word' id='word_1_126' title='bbox 1040 2322 1353 2416; x_wconf 81' lang='lat' dir='ltr'>pomaria</span> <span class='ocrx_word' id='word_1_127' title='bbox 1388 2322 1569 2393; x_wconf 81' lang='lat' dir='ltr'>rivis.</span> 
     </span>
     <span class='ocr_line' id='line_1_20' title="bbox 344 2423 2738 2520; baseline 0.002 -29"><span class='ocrx_word' id='word_1_128' title='bbox 344 2424 424 2492; x_wconf 90' lang='lat' dir='ltr'>In</span> <span class='ocrx_word' id='word_1_129' title='bbox 461 2423 572 2493; x_wconf 91' lang='lat' dir='ltr'>his</span> <span class='ocrx_word' id='word_1_130' title='bbox 610 2424 798 2515; x_wconf 88' lang='lat' dir='ltr'>quod</span> <span class='ocrx_word' id='word_1_131' title='bbox 836 2425 1169 2519; x_wconf 89' lang='lat' dir='ltr'>scriptum</span> <span class='ocrx_word' id='word_1_132' title='bbox 1207 2436 1314 2496; x_wconf 90' lang='lat' dir='ltr'>est</span> <span class='ocrx_word' id='word_1_133' title='bbox 1346 2425 1680 2520; x_wconf 80' lang='lat' dir='ltr'>plurimas</span> <span class='ocrx_word' id='word_1_134' title='bbox 1717 2425 2048 2518; x_wconf 89' lang='lat' dir='ltr'>singulari</span> <span class='ocrx_word' id='word_1_135' title='bbox 2085 2446 2377 2496; x_wconf 89' lang='lat' dir='ltr'>numero</span> <span class='ocrx_word' id='word_1_136' title='bbox 2418 2446 2545 2518; x_wconf 85' lang='lat' dir='ltr'>pro</span> <span class='ocrx_word' id='word_1_137' title='bbox 2581 2426 2738 2518; x_wconf 87' lang='lat' dir='ltr'>plu-</span> 
     </span>
     <span class='ocr_line' id='line_1_21' title="bbox 344 2526 2736 2620; baseline 0.001 -24"><span class='ocrx_word' id='word_1_138' title='bbox 344 2527 474 2597; x_wconf 91' lang='lat' dir='ltr'>rali</span> <span class='ocrx_word' id='word_1_139' title='bbox 513 2526 780 2598; x_wconf 86' lang='lat' dir='ltr'>dictum</span> <span class='ocrx_word' id='word_1_140' title='bbox 815 2530 1079 2600; x_wconf 87' lang='lat' dir='ltr'>volunt.</span> <span class='ocrx_word' id='word_1_141' title='bbox 1162 2530 1254 2599; x_wconf 92' lang='lat' dir='ltr'>At</span> <span class='ocrx_word' id='word_1_142' title='bbox 1303 2552 1436 2601; x_wconf 91' lang='lat' dir='ltr'>nec</span> <span class='ocrx_word' id='word_1_143' title='bbox 1473 2530 1872 2601; x_wconf 89' lang='lat' dir='ltr'>Latinorum</span> <span class='ocrx_word' id='word_1_144' title='bbox 1910 2550 2042 2599; x_wconf 90' lang='lat' dir='ltr'>nec</span> <span class='ocrx_word' id='word_1_145' title='bbox 2082 2528 2508 2599; x_wconf 85' lang='lat' dir='ltr'>Graecorum</span> <span class='ocrx_word' id='word_1_146' title='bbox 2545 2528 2736 2620; x_wconf 87' lang='lat' dir='ltr'>quis-</span> 
     </span>
     <span class='ocr_line' id='line_1_22' title="bbox 346 2630 2734 2728; baseline 0.001 -27"><span class='ocrx_word' id='word_1_147' title='bbox 346 2652 561 2724; x_wconf 83' lang='lat' dir='ltr'>quam</span> <span class='ocrx_word' id='word_1_148' title='bbox 598 2630 842 2703; x_wconf 81' lang='lat' dir='ltr'>multas</span> <span class='ocrx_word' id='word_1_149' title='bbox 871 2631 1229 2728; x_wconf 77' lang='lat' dir='ltr'>plurimas,</span> <span class='ocrx_word' id='word_1_150' title='bbox 1264 2631 1522 2721; x_wconf 81' lang='grc' dir='ltr'><em>πολύς,</em></span> <span class='ocrx_word' id='word_1_151' title='bbox 1564 2638 1925 2722; x_wconf 70' lang='grc' dir='ltr'><em>πλεῖστος,</em></span> <span class='ocrx_word' id='word_1_152' title='bbox 1970 2634 2062 2703; x_wconf 90' lang='lat' dir='ltr'>ita</span> <span class='ocrx_word' id='word_1_153' title='bbox 2101 2642 2219 2703; x_wconf 88' lang='lat' dir='ltr'>aut</span> <span class='ocrx_word' id='word_1_154' title='bbox 2256 2632 2433 2703; x_wconf 82' lang='lat' dir='ltr'>dixit</span> <span class='ocrx_word' id='word_1_155' title='bbox 2470 2642 2587 2704; x_wconf 86' lang='lat' dir='ltr'>aut</span> <span class='ocrx_word' id='word_1_156' title='bbox 2625 2631 2734 2704; x_wconf 89' lang='lat' dir='ltr'>di-</span> 
     </span>
     <span class='ocr_line' id='line_1_23' title="bbox 347 2736 2872 2833; baseline -0.001 -28"><span class='ocrx_word' id='word_1_157' title='bbox 347 2758 517 2806; x_wconf 88' lang='lat' dir='ltr'>cere</span> <span class='ocrx_word' id='word_1_158' title='bbox 553 2736 807 2829; x_wconf 90' lang='lat' dir='ltr'>potuit,</span> <span class='ocrx_word' id='word_1_159' title='bbox 849 2759 932 2808; x_wconf 91' lang='lat' dir='ltr'>ea</span> <span class='ocrx_word' id='word_1_160' title='bbox 971 2760 1250 2823; x_wconf 82' lang='lat' dir='ltr'>caussa,</span> <span class='ocrx_word' id='word_1_161' title='bbox 1301 2740 1494 2833; x_wconf 89' lang='lat' dir='ltr'>quod</span> <span class='ocrx_word' id='word_1_162' title='bbox 1532 2739 1650 2832; x_wconf 85' lang='lat' dir='ltr'>qui</span> <span class='ocrx_word' id='word_1_163' title='bbox 1687 2760 1830 2809; x_wconf 90' lang='lat' dir='ltr'>non</span> <span class='ocrx_word' id='word_1_164' title='bbox 1868 2737 2105 2808; x_wconf 87' lang='lat' dir='ltr'>addito</span> <span class='ocrx_word' id='word_1_165' title='bbox 2145 2736 2373 2829; x_wconf 89' lang='lat' dir='ltr'>aliquo</span> <span class='ocrx_word' id='word_1_166' title='bbox 2412 2738 2737 2807; x_wconf 87' lang='lat' dir='ltr'>substan-</span> <span class='ocrx_word' id='word_1_167' title='bbox 2755 2761 2872 2819; x_wconf 49' lang='lat' dir='ltr'>psa</span> 
     </span>
     <span class='ocr_line' id='line_1_24' title="bbox 344 2840 2736 2937; baseline 0.001 -28"><span class='ocrx_word' id='word_1_168' title='bbox 344 2840 496 2910; x_wconf 88' lang='lat' dir='ltr'>tivo</span> <span class='ocrx_word' id='word_1_169' title='bbox 524 2842 783 2912; x_wconf 85' lang='lat' dir='ltr'>multus</span> <span class='ocrx_word' id='word_1_170' title='bbox 811 2841 1084 2928; x_wconf 91' lang='lat' dir='ltr'>dicitur,</span> <span class='ocrx_word' id='word_1_171' title='bbox 1104 2865 1245 2913; x_wconf 93' lang='lat' dir='ltr'>non</span> <span class='ocrx_word' id='word_1_172' title='bbox 1274 2852 1507 2937; x_wconf 88' lang='lat' dir='ltr'>potest</span> <span class='ocrx_word' id='word_1_173' title='bbox 1531 2842 1666 2912; x_wconf 87' lang='lat' dir='ltr'>nisi</span> <span class='ocrx_word' id='word_1_174' title='bbox 1695 2842 1881 2913; x_wconf 91' lang='lat' dir='ltr'>idem</span> <span class='ocrx_word' id='word_1_175' title='bbox 1908 2841 2398 2935; x_wconf 88' lang='lat' dir='ltr'>multiplicatus</span> <span class='ocrx_word' id='word_1_176' title='bbox 2426 2841 2736 2934; x_wconf 79' lang='lat' dir='ltr'>intelligi,</span> 
     </span>
     <span class='ocr_line' id='line_1_25' title="bbox 346 2943 2738 3040; baseline 0.001 -28"><span class='ocrx_word' id='word_1_177' title='bbox 346 2943 488 3014; x_wconf 92' lang='lat' dir='ltr'>hoc</span> <span class='ocrx_word' id='word_1_178' title='bbox 526 2952 635 3013; x_wconf 92' lang='lat' dir='ltr'>est</span> <span class='ocrx_word' id='word_1_179' title='bbox 671 2944 929 3036; x_wconf 87' lang='lat' dir='ltr'>aliquid</span> <span class='ocrx_word' id='word_1_180' title='bbox 965 2947 1081 3016; x_wconf 87' lang='lat' dir='ltr'>vel</span> <span class='ocrx_word' id='word_1_181' title='bbox 1115 2967 1327 3040; x_wconf 84' lang='lat' dir='ltr'>saepe</span> <span class='ocrx_word' id='word_1_182' title='bbox 1366 2967 1688 3029; x_wconf 89' lang='lat' dir='ltr'>numer0,</span> <span class='ocrx_word' id='word_1_183' title='bbox 1737 2946 1851 3015; x_wconf 88' lang='lat' dir='ltr'>vel</span> <span class='ocrx_word' id='word_1_184' title='bbox 1909 2943 2112 3013; x_wconf 86' lang='lat' dir='ltr'>simul</span> <span class='ocrx_word' id='word_1_185' title='bbox 2152 2945 2224 3011; x_wconf 86' lang='lat' dir='ltr'>in</span> <span class='ocrx_word' id='word_1_186' title='bbox 2258 2944 2490 3013; x_wconf 90' lang='lat' dir='ltr'>multis</span> <span class='ocrx_word' id='word_1_187' title='bbox 2528 2945 2738 3015; x_wconf 88' lang='lat' dir='ltr'>rebus</span> 
     </span>
     <span class='ocr_line' id='line_1_26' title="bbox 348 3045 2740 3142; baseline -0.002 -25"><span class='ocrx_word' id='word_1_188' title='bbox 348 3047 639 3118; x_wconf 79' lang='lat' dir='ltr'>faciens,</span> <span class='ocrx_word' id='word_1_189' title='bbox 724 3048 910 3140; x_wconf 90' lang='lat' dir='ltr'>Ergo</span> <span class='ocrx_word' id='word_1_190' title='bbox 953 3048 1287 3142; x_wconf 77' lang='lat' dir='ltr'>plurimus</span> <span class='ocrx_word' id='word_1_191' title='bbox 1323 3047 1537 3142; x_wconf 71' lang='lat' dir='ltr'>Arqos</span> <span class='ocrx_word' id='word_1_192' title='bbox 1575 3048 1746 3117; x_wconf 85' lang='lat' dir='ltr'>dicet</span> <span class='ocrx_word' id='word_1_193' title='bbox 1795 3057 1903 3118; x_wconf 92' lang='lat' dir='ltr'>est</span> <span class='ocrx_word' id='word_1_194' title='bbox 1938 3047 2346 3139; x_wconf 89' lang='lat' dir='ltr'>saepissime</span> <span class='ocrx_word' id='word_1_195' title='bbox 2384 3045 2573 3116; x_wconf 88' lang='lat' dir='ltr'>dicet</span> <span class='ocrx_word' id='word_1_196' title='bbox 2607 3047 2740 3114; x_wconf 75' lang='lat' dir='ltr'>Ar-</span> 
     </span>
     <span class='ocr_line' id='line_1_27' title="bbox 348 3149 2740 3245; baseline -0.002 -23"><span class='ocrx_word' id='word_1_197' title='bbox 348 3173 521 3244; x_wconf 88' lang='lat' dir='ltr'>gos:</span> <span class='ocrx_word' id='word_1_198' title='bbox 563 3151 754 3244; x_wconf 88' lang='lat' dir='ltr'>quod</span> <span class='ocrx_word' id='word_1_199' title='bbox 790 3162 986 3245; x_wconf 88' lang='lat' dir='ltr'>patet</span> <span class='ocrx_word' id='word_1_200' title='bbox 1024 3153 1215 3222; x_wconf 88' lang='lat' dir='ltr'>nihili</span> <span class='ocrx_word' id='word_1_201' title='bbox 1253 3174 1436 3238; x_wconf 87' lang='lat' dir='ltr'>esse,</span> <span class='ocrx_word' id='word_1_202' title='bbox 1476 3151 1608 3221; x_wconf 91' lang='lat' dir='ltr'>nisi</span> <span class='ocrx_word' id='word_1_203' title='bbox 1645 3150 1943 3221; x_wconf 82' lang='lat' dir='ltr'>addatur</span> <span class='ocrx_word' id='word_1_204' title='bbox 1978 3150 2132 3241; x_wconf 89' lang='lat' dir='ltr'>quis</span> <span class='ocrx_word' id='word_1_205' title='bbox 2162 3149 2568 3241; x_wconf 88' lang='lat' dir='ltr'>saepissime</span> <span class='ocrx_word' id='word_1_206' title='bbox 2606 3149 2740 3218; x_wconf 78' lang='lat' dir='ltr'>Ar-</span> 
     </span>
     <span class='ocr_line' id='line_1_28' title="bbox 310 3250 2804 3348; baseline -0.002 -22"><span class='ocrx_word' id='word_1_207' title='bbox 310 3276 483 3348; x_wconf 91' lang='lat' dir='ltr'>gos</span> <span class='ocrx_word' id='word_1_208' title='bbox 537 3255 626 3325; x_wconf 93' lang='lat' dir='ltr'>sit</span> <span class='ocrx_word' id='word_1_209' title='bbox 679 3254 1013 3326; x_wconf 86' lang='lat' dir='ltr'>dicturus.</span> <span class='ocrx_word' id='word_1_210' title='bbox 1105 3254 1424 3327; x_wconf 87' lang='lat' dir='ltr'>Afferunt</span> <span class='ocrx_word' id='word_1_211' title='bbox 1475 3254 1762 3347; x_wconf 85' lang='lat' dir='ltr'>quidem</span> <span class='ocrx_word' id='word_1_212' title='bbox 1816 3253 1936 3345; x_wconf 91' lang='lat' dir='ltr'>qui</span> <span class='ocrx_word' id='word_1_213' title='bbox 1990 3254 2277 3324; x_wconf 91' lang='lat' dir='ltr'>multum</span> <span class='ocrx_word' id='word_1_214' title='bbox 2330 3274 2458 3346; x_wconf 92' lang='lat' dir='ltr'>pro</span> <span class='ocrx_word' id='word_1_215' title='bbox 2509 3252 2740 3323; x_wconf 86' lang='lat' dir='ltr'>multis</span> <span class='ocrx_word' id='word_1_216' title='bbox 2796 3250 2804 3257; x_wconf 83' lang='grc'><strong><em>’</em></strong></span> 
     </span>
     <span class='ocr_line' id='line_1_29' title="bbox 351 3354 2742 3450; baseline -0.003 -20"><span class='ocrx_word' id='word_1_217' title='bbox 351 3359 616 3430; x_wconf 82' lang='lat' dir='ltr'>dixerit</span> <span class='ocrx_word' id='word_1_218' title='bbox 664 3359 1022 3430; x_wconf 90' lang='lat' dir='ltr'>Lucanum</span> <span class='ocrx_word' id='word_1_219' title='bbox 1068 3361 1172 3430; x_wconf 93' lang='lat'>111.</span> <span class='ocrx_word' id='word_1_220' title='bbox 1224 3359 1394 3431; x_wconf 83' lang='lat'><strong>707.</strong></span> <span class='ocrx_word' id='word_1_221' title='bbox 1441 3357 1688 3428; x_wconf 83' lang='lat' dir='ltr'>multus</span> <span class='ocrx_word' id='word_1_222' title='bbox 1746 3381 1871 3427; x_wconf 81' lang='lat' dir='ltr'>sua</span> <span class='ocrx_word' id='word_1_223' title='bbox 1935 3356 2210 3426; x_wconf 80' lang='lat' dir='ltr'>vulnera</span> <span class='ocrx_word' id='word_1_224' title='bbox 2256 3354 2474 3450; x_wconf 79' lang='lat' dir='ltr'>pappi</span> <span class='ocrx_word' id='word_1_225' title='bbox 2526 3355 2742 3449; x_wconf 59' lang='lat' dir='ltr'>afflavit</span> 
     </span>
     <span class='ocr_line' id='line_1_30' title="bbox 350 3459 2741 3558; baseline -0.002 -26"><span class='ocrx_word' id='word_1_226' title='bbox 350 3461 664 3533; x_wconf 78' lang='lat' dir='ltr'>moriens.</span> <span class='ocrx_word' id='word_1_227' title='bbox 742 3463 833 3533; x_wconf 90' lang='lat' dir='ltr'>At</span> <span class='ocrx_word' id='word_1_228' title='bbox 868 3464 963 3534; x_wconf 91' lang='lat' dir='ltr'>ibi</span> <span class='ocrx_word' id='word_1_229' title='bbox 999 3464 1288 3534; x_wconf 78' lang='lat' dir='ltr'>moriens</span> <span class='ocrx_word' id='word_1_230' title='bbox 1325 3462 1762 3558; x_wconf 86' lang='lat' dir='ltr'>participium</span> <span class='ocrx_word' id='word_1_231' title='bbox 1798 3482 1925 3556; x_wconf 92' lang='lat' dir='ltr'>pro</span> <span class='ocrx_word' id='word_1_232' title='bbox 1964 3460 2390 3532; x_wconf 88' lang='lat' dir='ltr'>substantivo</span> <span class='ocrx_word' id='word_1_233' title='bbox 2441 3470 2578 3545; x_wconf 83' lang='lat' dir='ltr'>est,</span> <span class='ocrx_word' id='word_1_234' title='bbox 2629 3459 2741 3528; x_wconf 90' lang='lat' dir='ltr'>cui</span> 
     </span>
     <span class='ocr_line' id='line_1_31' title="bbox 348 3564 2741 3648; baseline -0.003 -11"><span class='ocrx_word' id='word_1_235' title='bbox 348 3565 778 3638; x_wconf 87' lang='lat' dir='ltr'>adiectivum</span> <span class='ocrx_word' id='word_1_236' title='bbox 816 3567 1129 3639; x_wconf 90' lang='lat' dir='ltr'>additum</span> <span class='ocrx_word' id='word_1_237' title='bbox 1168 3578 1274 3638; x_wconf 91' lang='lat' dir='ltr'>est</span> <span class='ocrx_word' id='word_1_238' title='bbox 1308 3566 1571 3638; x_wconf 82' lang='lat' dir='ltr'>multas.</span> <span class='ocrx_word' id='word_1_239' title='bbox 1631 3566 1805 3636; x_wconf 91' lang='lat' dir='ltr'>Nam</span> <span class='ocrx_word' id='word_1_240' title='bbox 1845 3565 2098 3636; x_wconf 90' lang='lat' dir='ltr'>multus</span> <span class='ocrx_word' id='word_1_241' title='bbox 2129 3564 2455 3648; x_wconf 90' lang='lat' dir='ltr'>moriens,</span> <span class='ocrx_word' id='word_1_242' title='bbox 2488 3564 2741 3632; x_wconf 88' lang='lat' dir='ltr'>multus</span> 
     </span>
     <span class='ocr_line' id='line_1_32' title="bbox 350 3665 2753 3762; baseline -0.002 -21"><span class='ocrx_word' id='word_1_243' title='bbox 350 3672 556 3741; x_wconf 87' lang='lat' dir='ltr'>miles</span> <span class='ocrx_word' id='word_1_244' title='bbox 593 3680 667 3740; x_wconf 95' lang='lat' dir='ltr'>et</span> <span class='ocrx_word' id='word_1_245' title='bbox 701 3672 948 3743; x_wconf 89' lang='lat' dir='ltr'>similia</span> <span class='ocrx_word' id='word_1_246' title='bbox 984 3683 1177 3743; x_wconf 90' lang='lat' dir='ltr'>recte</span> <span class='ocrx_word' id='word_1_247' title='bbox 1214 3672 1574 3756; x_wconf 88' lang='lat' dir='ltr'>dicuntur,</span> <span class='ocrx_word' id='word_1_248' title='bbox 1620 3671 1783 3762; x_wconf 91' lang='lat' dir='ltr'>quia</span> <span class='ocrx_word' id='word_1_249' title='bbox 1820 3670 1920 3741; x_wconf 92' lang='lat' dir='ltr'>sic</span> <span class='ocrx_word' id='word_1_250' title='bbox 1957 3667 2316 3739; x_wconf 87' lang='lat' dir='ltr'>morientis</span> <span class='ocrx_word' id='word_1_251' title='bbox 2355 3678 2473 3738; x_wconf 91' lang='lat' dir='ltr'>aut</span> <span class='ocrx_word' id='word_1_252' title='bbox 2511 3665 2753 3736; x_wconf 84' lang='lat' dir='ltr'>militis-</span> 
     </span>
     <span class='ocr_line' id='line_1_33' title="bbox 350 3772 2748 3869; baseline -0.002 -25"><span class='ocrx_word' id='word_1_253' title='bbox 350 3775 666 3846; x_wconf 91' lang='lat' dir='ltr'>conditio</span> <span class='ocrx_word' id='word_1_254' title='bbox 704 3775 1153 3869; x_wconf 89' lang='lat' dir='ltr'>multiplicata</span> <span class='ocrx_word' id='word_1_255' title='bbox 1191 3775 1640 3868; x_wconf 86' lang='lat' dir='ltr'>significatur,</span> <span class='ocrx_word' id='word_1_256' title='bbox 1673 3794 1855 3866; x_wconf 85' lang='lat' dir='ltr'>quae</span> <span class='ocrx_word' id='word_1_257' title='bbox 1884 3796 2023 3843; x_wconf 89' lang='lat' dir='ltr'>non</span> <span class='ocrx_word' id='word_1_258' title='bbox 2052 3781 2283 3865; x_wconf 92' lang='lat' dir='ltr'>potest</span> <span class='ocrx_word' id='word_1_259' title='bbox 2306 3772 2503 3842; x_wconf 90' lang='lat' dir='ltr'>aliter</span> <span class='ocrx_word' id='word_1_260' title='bbox 2531 3791 2748 3862; x_wconf 86' lang='lat' dir='ltr'>quam</span> 
     </span>
     <span class='ocr_line' id='line_1_34' title="bbox 350 3874 2747 3972; baseline -0.002 -24"><span class='ocrx_word' id='word_1_261' title='bbox 350 3880 425 3948; x_wconf 90' lang='lat' dir='ltr'>in</span> <span class='ocrx_word' id='word_1_262' title='bbox 476 3878 708 3967; x_wconf 87' lang='lat' dir='ltr'>multis</span> <span class='ocrx_word' id='word_1_263' title='bbox 761 3880 879 3972; x_wconf 85' lang='lat' dir='ltr'>qui</span> <span class='ocrx_word' id='word_1_264' title='bbox 926 3880 1305 3950; x_wconf 88' lang='lat' dir='ltr'>morientes</span> <span class='ocrx_word' id='word_1_265' title='bbox 1355 3889 1474 3950; x_wconf 88' lang='lat' dir='ltr'>aut</span> <span class='ocrx_word' id='word_1_266' title='bbox 1509 3880 1764 3949; x_wconf 89' lang='lat' dir='ltr'>milites</span> <span class='ocrx_word' id='word_1_267' title='bbox 1803 3878 1939 3947; x_wconf 90' lang='lat' dir='ltr'>sint</span> <span class='ocrx_word' id='word_1_268' title='bbox 1977 3876 2286 3968; x_wconf 88' lang='lat' dir='ltr'>cogitari.</span> <span class='ocrx_word' id='word_1_269' title='bbox 2372 3874 2747 3945; x_wconf 87' lang='lat' dir='ltr'>Praeterea.</span> 
     </span>
     <span class='ocr_line' id='line_1_35' title="bbox 353 3977 2745 4078; baseline -0.001 -26"><span class='ocrx_word' id='word_1_270' title='bbox 353 3984 565 4053; x_wconf 89' lang='lat' dir='ltr'>etiam</span> <span class='ocrx_word' id='word_1_271' title='bbox 605 3982 665 4054; x_wconf 92' lang='lat' dir='ltr'>si</span> <span class='ocrx_word' id='word_1_272' title='bbox 702 3994 940 4077; x_wconf 84' lang='lat' dir='ltr'>posset</span> <span class='ocrx_word' id='word_1_273' title='bbox 975 3984 1161 4054; x_wconf 92' lang='lat' dir='ltr'>istud</span> <span class='ocrx_word' id='word_1_274' title='bbox 1190 3982 1526 4078; x_wconf 79' lang='lat' dir='ltr'>plurimus</span> <span class='ocrx_word' id='word_1_275' title='bbox 1578 3984 1834 4052; x_wconf 89' lang='lat' dir='ltr'>multos</span> <span class='ocrx_word' id='word_1_276' title='bbox 1881 3977 2521 4073; x_wconf 90' lang='lat' dir='ltr'>comprehendere,</span> <span class='ocrx_word' id='word_1_277' title='bbox 2574 3978 2745 4071; x_wconf 86' lang='lat' dir='ltr'>quid</span> 
     </span>
     <span class='ocr_line' id='line_1_36' title="bbox 354 4081 2744 4180; baseline -0.003 -22"><span class='ocrx_word' id='word_1_278' title='bbox 354 4097 465 4158; x_wconf 91' lang='lat' dir='ltr'>est</span> <span class='ocrx_word' id='word_1_279' title='bbox 516 4087 709 4180; x_wconf 89' lang='lat' dir='ltr'>quod</span> <span class='ocrx_word' id='word_1_280' title='bbox 745 4088 857 4157; x_wconf 85' lang='lat' dir='ltr'>illi</span> <span class='ocrx_word' id='word_1_281' title='bbox 908 4087 1101 4159; x_wconf 91' lang='lat' dir='ltr'>multi</span> <span class='ocrx_word' id='word_1_282' title='bbox 1138 4087 1363 4180; x_wconf 88' lang='lat' dir='ltr'>Argos</span> <span class='ocrx_word' id='word_1_283' title='bbox 1401 4096 1472 4157; x_wconf 93' lang='lat' dir='ltr'>et</span> <span class='ocrx_word' id='word_1_284' title='bbox 1507 4087 1840 4179; x_wconf 82' lang='lat' dir='ltr'>Mycenas</span> <span class='ocrx_word' id='word_1_285' title='bbox 1877 4104 2018 4155; x_wconf 88' lang='lat' dir='ltr'>non</span> <span class='ocrx_word' id='word_1_286' title='bbox 2054 4081 2243 4176; x_wconf 88' lang='lat' dir='ltr'>quod</span> <span class='ocrx_word' id='word_1_287' title='bbox 2293 4081 2376 4151; x_wconf 93' lang='lat' dir='ltr'>iis</span> <span class='ocrx_word' id='word_1_288' title='bbox 2422 4083 2744 4175; x_wconf 84' lang='lat' dir='ltr'>placeant</span> 
     </span>
     <span class='ocr_line' id='line_1_37' title="bbox 354 4186 2754 4276; baseline -0.002 -17"><span class='ocrx_word' id='word_1_289' title='bbox 354 4192 512 4262; x_wconf 90' lang='lat' dir='ltr'>illae</span> <span class='ocrx_word' id='word_1_290' title='bbox 548 4192 783 4276; x_wconf 85' lang='lat' dir='ltr'>urbes,</span> <span class='ocrx_word' id='word_1_291' title='bbox 824 4191 951 4262; x_wconf 90' lang='lat' dir='ltr'>sed</span> <span class='ocrx_word' id='word_1_292' title='bbox 990 4192 1057 4260; x_wconf 89' lang='lat' dir='ltr'>in</span> <span class='ocrx_word' id='word_1_293' title='bbox 1095 4191 1435 4262; x_wconf 88' lang='lat' dir='ltr'>honorem</span> <span class='ocrx_word' id='word_1_294' title='bbox 1473 4190 1753 4261; x_wconf 87' lang='lat' dir='ltr'>Iunonis</span> <span class='ocrx_word' id='word_1_295' title='bbox 1790 4188 2146 4258; x_wconf 88' lang='lat' dir='ltr'>celebrare</span> <span class='ocrx_word' id='word_1_296' title='bbox 2185 4186 2556 4258; x_wconf 70' lang='lat' dir='ltr'>dicantur?</span> <span class='ocrx_word' id='word_1_297' title='bbox 2609 4187 2754 4255; x_wconf 68' lang='lat' dir='ltr'>Im-</span> 
     </span>
     <span class='ocr_line' id='line_1_38' title="bbox 357 4290 2744 4388; baseline -0.003 -24"><span class='ocrx_word' id='word_1_298' title='bbox 357 4317 474 4365; x_wconf 90' lang='lat' dir='ltr'>mo</span> <span class='ocrx_word' id='word_1_299' title='bbox 529 4306 845 4387; x_wconf 90' lang='lat' dir='ltr'>apertum</span> <span class='ocrx_word' id='word_1_300' title='bbox 896 4304 1004 4365; x_wconf 93' lang='lat' dir='ltr'>est</span> <span class='ocrx_word' id='word_1_301' title='bbox 1053 4295 1381 4388; x_wconf 79' lang='lat' dir='ltr'>distingui</span> <span class='ocrx_word' id='word_1_302' title='bbox 1433 4316 1555 4364; x_wconf 89' lang='lat' dir='ltr'>eos</span> <span class='ocrx_word' id='word_1_303' title='bbox 1592 4294 1712 4387; x_wconf 89' lang='lat' dir='ltr'>qui</span> <span class='ocrx_word' id='word_1_304' title='bbox 1749 4291 2027 4364; x_wconf 90' lang='lat' dir='ltr'>Iunonis</span> <span class='ocrx_word' id='word_1_305' title='bbox 2068 4290 2354 4361; x_wconf 88' lang='lat' dir='ltr'>urbibus</span> <span class='ocrx_word' id='word_1_306' title='bbox 2391 4290 2744 4383; x_wconf 80' lang='lat' dir='ltr'>gaudeant</span> 
     </span>
     <span class='ocr_line' id='line_1_39' title="bbox 361 4391 2740 4492; baseline -0.004 -24"><span class='ocrx_word' id='word_1_307' title='bbox 361 4400 450 4468; x_wconf 89' lang='lat' dir='ltr'>ab</span> <span class='ocrx_word' id='word_1_308' title='bbox 488 4398 626 4479; x_wconf 78' lang='lat' dir='ltr'>illis</span> <span class='ocrx_word' id='word_1_309' title='bbox 659 4399 777 4492; x_wconf 85' lang='lat' dir='ltr'>qui</span> <span class='ocrx_word' id='word_1_310' title='bbox 804 4398 1102 4469; x_wconf 88' lang='lat' dir='ltr'>Palladis</span> <span class='ocrx_word' id='word_1_311' title='bbox 1140 4399 1383 4470; x_wconf 90' lang='lat' dir='ltr'>urbem</span> <span class='ocrx_word' id='word_1_312' title='bbox 1421 4398 1731 4490; x_wconf 87' lang='lat' dir='ltr'>laudent,</span> <span class='ocrx_word' id='word_1_313' title='bbox 1773 4408 1847 4466; x_wconf 89' lang='lat' dir='ltr'>ut</span> <span class='ocrx_word' id='word_1_314' title='bbox 1874 4404 2323 4488; x_wconf 82' lang='lat' dir='ltr'>exspectetur</span> <span class='ocrx_word' id='word_1_315' title='bbox 2352 4392 2634 4489; x_wconf 76' lang='lat' dir='ltr'>pronior</span> <span class='ocrx_word' id='word_1_316' title='bbox 2669 4391 2740 4460; x_wconf 78' lang='lat' dir='ltr'>in</span> 
     </span>
     <span class='ocr_line' id='line_1_40' title="bbox 362 4495 2742 4595; baseline -0.004 -24"><span class='ocrx_word' id='word_1_317' title='bbox 362 4500 636 4572; x_wconf 78' lang='lat' dir='ltr'>Iunonis</span> <span class='ocrx_word' id='word_1_318' title='bbox 687 4501 1023 4572; x_wconf 76' lang='lat' dir='ltr'>honorem.</span> <span class='ocrx_word' id='word_1_319' title='bbox 1108 4503 1199 4572; x_wconf 92' lang='lat' dir='ltr'>At</span> <span class='ocrx_word' id='word_1_320' title='bbox 1252 4514 1442 4574; x_wconf 89' lang='lat' dir='ltr'>recte</span> <span class='ocrx_word' id='word_1_321' title='bbox 1494 4524 1572 4573; x_wconf 92' lang='lat' dir='ltr'>se</span> <span class='ocrx_word' id='word_1_322' title='bbox 1611 4501 1823 4571; x_wconf 87' lang='lat' dir='ltr'>babet</span> <span class='ocrx_word' id='word_1_323' title='bbox 1860 4498 2221 4595; x_wconf 79' lang='lat' dir='ltr'>plurimus,</span> <span class='ocrx_word' id='word_1_324' title='bbox 2263 4499 2392 4569; x_wconf 89' lang='lat' dir='ltr'>sed</span> <span class='ocrx_word' id='word_1_325' title='bbox 2430 4495 2742 4568; x_wconf 87' lang='lat' dir='ltr'>scriben-</span> 
     </span>
     <span class='ocr_line' id='line_1_41' title="bbox 358 4598 2749 4699; baseline -0.005 -21"><span class='ocrx_word' id='word_1_326' title='bbox 358 4607 525 4678; x_wconf 88' lang='lat' dir='ltr'>dum</span> <span class='ocrx_word' id='word_1_327' title='bbox 563 4619 671 4676; x_wconf 89' lang='lat' dir='ltr'>est</span> <span class='ocrx_word' id='word_1_328' title='bbox 701 4605 1037 4699; x_wconf 80' lang='lat' dir='ltr'>plurimas</span> <span class='ocrx_word' id='word_1_329' title='bbox 1071 4605 1145 4677; x_wconf 75' lang='lat' dir='ltr'>ia</span> <span class='ocrx_word' id='word_1_330' title='bbox 1186 4605 1459 4677; x_wconf 78' lang='lat' dir='ltr'>Iunonis</span> <span class='ocrx_word' id='word_1_331' title='bbox 1495 4603 1776 4690; x_wconf 80' lang='lat' dir='ltr'>honore,</span> <span class='ocrx_word' id='word_1_332' title='bbox 1829 4604 1896 4674; x_wconf 89' lang='lat' dir='ltr'>h.</span> <span class='ocrx_word' id='word_1_333' title='bbox 1941 4625 2000 4674; x_wconf 87' lang='lat' dir='ltr'>e.</span> <span class='ocrx_word' id='word_1_334' title='bbox 2044 4605 2164 4696; x_wconf 83' lang='lat' dir='ltr'>qui</span> <span class='ocrx_word' id='word_1_335' title='bbox 2202 4603 2458 4673; x_wconf 89' lang='lat' dir='ltr'>multus</span> <span class='ocrx_word' id='word_1_336' title='bbox 2513 4608 2620 4668; x_wconf 83' lang='lat' dir='ltr'>est</span> <span class='ocrx_word' id='word_1_337' title='bbox 2669 4598 2749 4666; x_wconf 25' lang='lat' dir='ltr'>inl</span> 
     </span>
    </p>
   </div>
  </div>
 </body>
</html>
