3328 5326
1337 397 1725 460 ROMERUS.
2645 398 2672 457 1
2687 400 2723 459 5

338 585 550 656 certis
587 586 858 657 indIciis
895 589 1149 673 refero,
1191 610 1371 680 quae
1407 588 1598 659 Iliad.
1639 591 1753 659 XI.
1798 592 1943 662 658
1982 611 2179 682 seqq.
2220 589 2395 660 XVI.
2437 591 2533 662 23
2563 612 2715 682 sqq.

339 690 507 759 item
542 712 724 782 quae
764 691 873 760 XI.
915 690 1060 761 ’794
1093 712 1287 785 seqq.
1330 693 1499 762 XVI.
1546 695 1639 763 36
1681 715 1874 785 seqq.
1916 694 2256 786 leguntur.

549 794 1152 878 Quemadmodum
1173 849 1191 880 ,
1231 805 1308 867 ut
1343 817 1553 889 supra
1588 796 1850 867 dictum
1888 794 2018 880 est,
2058 796 2131 866 in
2167 797 2377 866 rebus
2412 795 2717 888 vulgari-

340 896 512 981 buS,
578 918 872 988 quarum
936 899 1214 992 saepius
1277 900 1884 972 memorandarum
1944 922 2110 970 usus
2171 899 2401 983 venit,
2465 898 2717 970 eadem

339 1000 560 1069 verba
613 1001 932 1095 usurpari
977 1011 1526 1073 consentaneum
1571 1013 1717 1088 est,
1778 1004 1879 1074 sic
1930 1003 2116 1074 idem
2165 1002 2352 1074 cadit
2402 1002 2610 1072 etiam
2648 1002 2716 1070 in

341 1124 451 1186 ea,
493 1125 675 1195 quae
712 1104 1156 1199 praecipuam
1195 1105 1566 1198 quamdam
1599 1106 2010 1199 gravitatem
2046 1116 2119 1176 et
2158 1107 2506 1200 singulare
2542 1127 2719 1199 pon-

342 1205 473 1276 dus
510 1206 797 1278 habent.
892 1208 1031 1278 Sed
1067 1208 1140 1278 id
1175 1209 1518 1280 eiusmodi
1556 1220 1699 1295 est,
1753 1220 1828 1282 ut
1876 1212 1946 1279 in
1997 1210 2200 1304 epico
2250 1209 2558 1281 carmine
2595 1208 2718 1279 vix

345 1308 504 1379 alibi
554 1312 785 1382 locum
828 1311 1164 1397 inveniat,
1228 1334 1436 1405 quam
1486 1336 1701 1405 quum
1745 1313 2005 1406 aliquid
2075 1314 2277 1384 solito
2349 1313 2568 1383 maius
2632 1333 2716 1382 ac

342 1412 694 1486 difficilius
745 1414 1122 1486 dicendum
1173 1426 1318 1486 est:
1375 1425 1453 1488 ut
1500 1438 1714 1509 quum
1764 1418 2103 1488 Homerus
2155 1417 2225 1486 Il.
2267 1418 2341 1487 11.
2388 1415 2559 1500 484,
2598 1416 2711 1485 ΧΙ.

344 1519 518 1602 218,
559 1517 729 1587 XIV.
776 1521 948 1600 508,
987 1517 1156 1587 XVI.
1205 1521 1348 1592 112
1388 1519 1594 1590 dixit:

548 1621 787 1692 ἕσπετε
821 1622 951 1691 νῦν
985 1647 1140 1712 μοι,
1181 1623 1515 1712 Μοῦσαι,
1554 1621 1899 1714 Ὀλύμπια
1936 1621 2202 1714 δώματ’
2245 1623 2552 1713 ἔχουσαι.

339 1724 518 1808 Alia,
557 1724 687 1795 sed
723 1725 959 1795 similis
995 1725 1172 1795 ratio
1200 1733 1329 1811 est,
1361 1726 1420 1795 si
1446 1727 1742 1819 scriptor
1770 1727 2092 1797 carminis
2119 1725 2446 1797 didactici
2474 1747 2710 1797 earum

337 1827 643 1919 aliquam
678 1827 1176 1898 sententiarum
1218 1830 1489 1923 repetit,
1530 1851 1711 1922 quae
1739 1831 2188 1924 praecipuum
2224 1830 2554 1924 placitum
2591 1829 2718 1900 ad-

342 1931 880 2002 monitionemve
915 1953 1054 2001 non
1093 1931 1643 2002 obliviscendam
1683 1934 2071 2018 continent,
2127 1943 2202 2004 ut
2236 1933 2422 2026 apud
2458 1934 2716 2004 Lucre-

339 2035 512 2105 tium
540 2044 788 2127 quater
816 2036 1138 2127 legimus:
1169 2032 1245 2127 [1.
1273 2040 1299 2105 1
1323 2034 1415 2106 43
1439 2057 1571 2127 sq.,
1590 2037 1664 2105 II.
1692 2039 1785 2106 59
1806 2058 1937 2127 sq.,
1953 2038 2054 2106 111.
2080 2040 2161 2106 91
2182 2058 2313 2128 sq.,
2334 2038 2439 2106 VI.
2464 2040 2557 2108 39
2573 2059 2658 2128 sq
2682 2034 2706 2130 ]

583 2137 760 2208 hunc
793 2137 998 2232 iyitur
1033 2146 1348 2208 terrorem
1384 2137 1594 2209 animi
1630 2138 2054 2233 tenebrasque
2091 2162 2350 2210 necesse
2387 2146 2483 2210 eat

579 2265 717 2311 mm
750 2241 931 2313 radii
965 2239 1124 2311 solis
1160 2264 1367 2336 neque
1404 2239 1630 2312 lucida
1667 2241 1798 2312 tela
1831 2241 1967 2312 diei

586 2343 963 2430 discutiant,
1000 2343 1115 2415 sed
1149 2352 1429 2414 naturae
1461 2345 1711 2440 specics
1745 2345 2064 2439 ratioque.

333 2448 414 2519 Id
454 2470 617 2518 eum
654 2448 980 2541 exemplo
1018 2448 1463 2541 Empedoclis
1504 2449 1757 2519 fecisse
1793 2471 1935 2519 non
1974 2447 2259 2519 dubium
2294 2448 2594 2519 videtur.

547 2551 754 2623 Aliud
790 2573 1011 2644 genus
1049 2562 1158 2621 est
1191 2573 1470 2636 eorum,
1526 2574 1708 2643 quae
1756 2551 1828 2621 in
1876 2553 2296 2623 carminibus
2332 2551 2716 2622 Homericis

335 2655 675 2726 imitando
712 2656 962 2726 iterata
995 2654 1470 2727 inveniuntur:
1528 2678 1710 2747 quae
1746 2666 1908 2728 sunt
1942 2655 2319 2741 eiusmodi,
2370 2666 2446 2728 ut
2478 2655 2539 2726 si
2574 2677 2717 2726 non

334 2771 584 2853 poetas
647 2760 958 2830 diversos
976 2813 994 2844 ,
1061 2769 1252 2830 certe
1316 2760 1623 2830 carmina
1686 2762 2062 2853 separatim
2112 2762 2296 2830 facta
2348 2769 2711 2831 testentur.

336 2863 523 2933 Nihil
560 2864 745 2934 enim
782 2863 1070 2956 impedit
1104 2863 1272 2956 quin
1308 2862 1678 2933 credamus
1710 2864 2009 2955 aliquem
2044 2872 2323 2957 poetam
2359 2885 2538 2956 quos
2573 2884 2714 2934 uno

335 2966 407 3035 in
475 2968 783 3037 carmine
833 2988 1078 3037 versus
1124 2967 1508 3059 posuisset,
1572 2965 1657 3036 iis
1712 2989 1912 3038 usum
1960 2989 2117 3037 esse
2166 2968 2373 3037 etiam
2432 2967 2501 3036 in
2554 2967 2709 3036 ali0.

333 3071 750 3142 Huiusmodi
803 3080 963 3140 sunt
1012 3091 1195 3162 quae
1245 3070 1566 3162 leguntur
1614 3070 1685 3138 in
1736 3071 1983 3163 Odyss.
2040 3071 2152 3139 XI.
2211 3069 2356 3140 416
2398 3092 2588 3162 seqq.
2645 3078 2717 3139 et

332 3172 576 3243 XXIV.
621 3175 711 3244 87
757 3194 950 3266 seqq.
992 3173 1085 3243 de
1121 3194 1260 3265 quo
1297 3174 1455 3243 loco
1491 3173 1637 3243 dixi
1676 3174 1743 3242 in
1781 3174 2266 3244 dissertatione
2302 3174 2394 3244 de
2431 3173 2519 3243 ἂν
2554 3193 2714 3266 par-

337 3278 552 3349 ticula
589 3301 659 3370 p.
681 3280 801 3348 39.
861 3277 1046 3347 Talia
1084 3277 1447 3368 aliquoties
1484 3277 1554 3345 in
1584 3278 2214 3369 comparationibus
2242 3277 2710 3361 inveniuntur,

330 3391 412 3452 ut
463 3381 650 3452 Iliad.
708 3381 822 3450 XI.
869 3379 1013 3449 414
1068 3390 1139 3450 et
1183 3381 1324 3449 XII.
1373 3378 1556 3465 149,
1618 3380 1788 3450 item
1837 3382 1949 3450 XI.
1997 3379 2141 3453 554
2201 3391 2271 3451 et
2320 3381 2517 3450 XVII.
2561 3378 2712 3450 657

335 3485 592 3576 quibus
631 3485 702 3553 in
738 3482 913 3556 locis
949 3485 1279 3578 pleraque
1315 3483 1564 3554 iisdem
1597 3484 1824 3555 verbis
1870 3494 2030 3556 sunt
2066 3485 2410 3578 exposita.
2506 3484 2717 3554 Fera-

334 3610 497 3658 mus
534 3591 856 3673 fortasse,
897 3588 955 3658 si
991 3588 1156 3680 quid
1194 3587 1588 3658 huiusmodi
1624 3588 1868 3682 paucis
1903 3588 2138 3659 verbis
2175 3590 2600 3671 continetur,
2641 3595 2716 3658 ut

343 3692 512 3762 illud
548 3692 639 3762 de
674 3693 1081 3762 lacrimante
1117 3691 1306 3761 Iliad.
1351 3691 1462 3761 IX.
1510 3690 1626 3761 14.
1669 3692 1839 3761 XVI.
1887 3694 1951 3761 3.

1528 3794 1696 3872 ὥςτε
1730 3794 1943 3891 κρήνη
1982 3792 2408 3888 μελάνυδρος

631 3897 754 3994 ἤτε
789 3900 942 3968 κατ’
986 3896 1325 3987 αἰγίλιπος
1361 3899 1615 3991 πέτρης
1651 3897 1996 3993 δνοφερὸν
2030 3899 2168 3987 χέει
2201 3897 2415 3991 ὕδωρ.

340 4001 529 4085 Quid
580 4022 749 4070 vero
795 4000 887 4071 de
938 4022 1068 4070 sex
1112 4000 1432 4071 versibus
1482 4000 1835 4085 dicamuS,
1874 4001 2125 4092 quibus
2161 3999 2348 4070 Iliad.
2389 4000 2496 4070 VI.
2541 4003 2715 4086 506,

338 4104 681 4189 XV.263‚
721 4125 941 4195 equus
980 4104 1416 4189 describitur,
1457 4112 1575 4174 aut
1610 4103 1700 4174 de
1730 4104 1864 4174 illis
1893 4105 2220 4196 quinque,
2261 4103 2512 4194 quibus
2539 4105 2712 4174 XIII.

345 4211 495 4279 389
537 4217 606 4277 et
639 4208 809 4277 XVI.
849 4205 993 4280 482
1033 4207 1131 4276 vir
1166 4207 1427 4277 cadens
1462 4208 1532 4275 in
1569 4208 1839 4301 proelio
1876 4228 2033 4278 cum
2063 4207 2314 4277 arbore
2350 4229 2717 4301 compara-

344 4313 510 4382 tur‘?
563 4311 778 4403 Magis
822 4312 1029 4381 etiam
1069 4311 1410 4382 absonum
1440 4321 1569 4395 est,
1589 4312 1779 4402 quod
1808 4309 1987 4403 quae
2008 4309 2193 4381 Iliad.
2217 4311 2385 4381 XIII.
2412 4312 2728 4384 23—35-

340 4415 440 4486 de
478 4414 793 4506 Neptuno
832 4415 1017 4484 dicta
1055 4422 1237 4498 sunt,
1255 4413 1416 4484 V111.
1443 4413 1744 4485 41-50
1783 4414 2062 4484 mutatis
2099 4436 2281 4505 quae
2316 4416 2714 4484 necessario

338 4516 681 4587 mutanda
713 4529 931 4602 erant,
973 4517 1063 4587 ad
1099 4517 1326 4588 Iovem
1364 4518 1692 4587 translata
1728 4517 2067 4589 videmus.
2124 4517 2392 4588 Eadem
2431 4539 2716 4609 perver-

343 4621 560 4691 sitate
600 4621 668 4688 in
715 4620 1032 4715 Odyssea
1067 4621 1143 4691 V.
1188 4624 1253 4691 8.
1313 4621 1625 4692 Minerva
1660 4621 1996 4693 Mentoris
2031 4622 2289 4706 verbiS,
2328 4642 2508 4713 quae
2555 4630 2718 4691 sunt
