<?xml version="1.0" encoding="UTF-8"?>
<!DOCTYPE html PUBLIC "-//W3C//DTD XHTML 1.0 Transitional//EN"
    "http://www.w3.org/TR/xhtml1/DTD/xhtml1-transitional.dtd">
<html xmlns="http://www.w3.org/1999/xhtml" xml:lang="en" lang="en">
 <head>
  <title>
</title>
<meta http-equiv="Content-Type" content="text/html;charset=utf-8" />
  <meta name='ocr-system' content='tesseract 3.04.00' />
  <meta name='ocr-capabilities' content='ocr_page ocr_carea ocr_par ocr_line ocrx_word'/>
</head>
<body>
  <div class='ocr_page' id='page_1' title='image "./godofrediherman02hermgoog/godofrediherman02hermgoog_0257.png"; bbox 0 0 3328 5326; ppageno 0'>
   <div class='ocr_carea' id='block_1_1' title="bbox 1230 335 2638 399">
    <p class='ocr_par' dir='ltr' id='par_1_1' title="bbox 1230 335 2638 399">
     <span class='ocr_line' id='line_1_1' title="bbox 1230 335 2638 399; baseline 0.004 -5"><span class='ocrx_word' id='word_1_1' title='bbox 1230 335 1656 397; x_wconf 87' lang='lat' dir='ltr'><strong>EURIPIDES.</strong></span> <span class='ocrx_word' id='word_1_2' title='bbox 2515 340 2638 399; x_wconf 86' lang='grc'><strong>239</strong></span> 
     </span>
    </p>
   </div>
   <div class='ocr_carea' id='block_1_2' title="bbox 263 527 2788 4641">
    <p class='ocr_par' dir='ltr' id='par_1_2' title="bbox 1821 527 2280 616">
     <span class='ocr_line' id='line_1_2' title="bbox 1821 527 2280 616; baseline 0 -19"><span class='ocrx_word' id='word_1_3' title='bbox 1821 527 2029 597; x_wconf 80' lang='grc' dir='ltr'><strong><em>καλὸν</em></strong></span> <span class='ocrx_word' id='word_1_4' title='bbox 2064 530 2214 598; x_wconf 82' lang='grc' dir='ltr'>κλεό</span> <span class='ocrx_word' id='word_1_5' title='bbox 2224 553 2280 616; x_wconf 87' lang='grc' dir='ltr'>ς,</span> 
     </span>
    </p>

    <p class='ocr_par' dir='ltr' id='par_1_3' title="bbox 625 627 2143 721">
     <span class='ocr_line' id='line_1_3' title="bbox 625 627 2143 721; baseline 0.003 -25"><span class='ocrx_word' id='word_1_6' title='bbox 625 628 835 721; x_wconf 75' lang='grc' dir='ltr'><strong><em>κακῆς</em></strong></span> <span class='ocrx_word' id='word_1_7' title='bbox 869 628 1194 715; x_wconf 86' lang='grc' dir='ltr'><strong><em>γυναικὸς</em></strong></span> <span class='ocrx_word' id='word_1_8' title='bbox 1230 627 1501 719; x_wconf 75' lang='grc' dir='ltr'><strong><em>μισθὸν</em></strong></span> <span class='ocrx_word' id='word_1_9' title='bbox 1535 630 1872 700; x_wconf 80' lang='grc' dir='ltr'><strong><em>ἀποτῖσαι</em></strong></span> <span class='ocrx_word' id='word_1_10' title='bbox 1907 632 2143 719; x_wconf 78' lang='grc' dir='ltr'><strong><em>τέκνα,</em></strong></span> 
     </span>
    </p>

    <p class='ocr_par' dir='ltr' id='par_1_4' title="bbox 264 724 2640 1754">
     <span class='ocr_line' id='line_1_4' title="bbox 627 724 2220 824; baseline 0.003 -25"><span class='ocrx_word' id='word_1_11' title='bbox 627 724 985 819; x_wconf 74' lang='grc' dir='ltr'><strong><em>τᾶχθιστα</em></strong></span> <span class='ocrx_word' id='word_1_12' title='bbox 1021 733 1075 821; x_wconf 83' lang='grc' dir='ltr'>γ’</span> <span class='ocrx_word' id='word_1_13' title='bbox 1117 734 1183 801; x_wconf 89' lang='grc' dir='ltr'><strong><em>εἰ</em></strong></span> <span class='ocrx_word' id='word_1_14' title='bbox 1213 737 1365 807; x_wconf 88' lang='grc' dir='ltr'><strong><em>τοῖς</em></strong></span> <span class='ocrx_word' id='word_1_15' title='bbox 1405 727 1773 823; x_wconf 79' lang='grc' dir='ltr'><strong><em>φιλτάτοις</em></strong></span> <span class='ocrx_word' id='word_1_16' title='bbox 1810 730 2220 824; x_wconf 70' lang='grc' dir='ltr'><strong><em>ὠνούμεθα.</em></strong></span> 
     </span>
     <span class='ocr_line' id='line_1_5' title="bbox 274 831 2637 909; baseline 0.004 -10"><span class='ocrx_word' id='word_1_17' title='bbox 274 831 335 899; x_wconf 90' lang='lat' dir='ltr'><strong>h.</strong></span> <span class='ocrx_word' id='word_1_18' title='bbox 377 853 437 901; x_wconf 93' lang='lat' dir='ltr'>e.</span> <span class='ocrx_word' id='word_1_19' title='bbox 480 831 540 901; x_wconf 92' lang='lat' dir='ltr'>si</span> <span class='ocrx_word' id='word_1_20' title='bbox 576 833 690 902; x_wconf 90' lang='lat' dir='ltr'>vel</span> <span class='ocrx_word' id='word_1_21' title='bbox 727 832 1194 904; x_wconf 91' lang='lat' dir='ltr'>inimicissima</span> <span class='ocrx_word' id='word_1_22' title='bbox 1232 836 1606 905; x_wconf 83' lang='lat' dir='ltr'>carissimis</span> <span class='ocrx_word' id='word_1_23' title='bbox 1657 835 1970 907; x_wconf 79' lang='lat' dir='ltr'>emimus.</span> <span class='ocrx_word' id='word_1_24' title='bbox 2056 837 2131 906; x_wconf 88' lang='lat' dir='ltr'>V.</span> <span class='ocrx_word' id='word_1_25' title='bbox 2186 840 2404 908; x_wconf 95' lang='grc'><strong>1188.</strong></span> <span class='ocrx_word' id='word_1_26' title='bbox 2448 849 2637 909; x_wconf 92' lang='lat' dir='ltr'>recte</span> 
     </span>
     <span class='ocr_line' id='line_1_6' title="bbox 273 934 2639 1023; baseline 0.004 -20"><span class='ocrx_word' id='word_1_27' title='bbox 273 934 582 1006; x_wconf 90' lang='lat' dir='ltr'>Reiskius</span> <span class='ocrx_word' id='word_1_28' title='bbox 635 939 818 1007; x_wconf 79' lang='grc' dir='ltr'><strong><em>ἐνδεῖ</em></strong></span> <span class='ocrx_word' id='word_1_29' title='bbox 865 938 1313 1009; x_wconf 88' lang='lat' dir='ltr'>scribendum</span> <span class='ocrx_word' id='word_1_30' title='bbox 1365 959 1559 1023; x_wconf 91' lang='lat' dir='ltr'>esse,</span> <span class='ocrx_word' id='word_1_31' title='bbox 1610 948 1681 1008; x_wconf 91' lang='lat' dir='ltr'>et</span> <span class='ocrx_word' id='word_1_32' title='bbox 1718 939 1846 1009; x_wconf 87' lang='lat' dir='ltr'>hos</span> <span class='ocrx_word' id='word_1_33' title='bbox 1883 947 2025 1009; x_wconf 87' lang='lat' dir='ltr'>tres</span> <span class='ocrx_word' id='word_1_34' title='bbox 2065 961 2308 1012; x_wconf 90' lang='lat' dir='ltr'>versus</span> <span class='ocrx_word' id='word_1_35' title='bbox 2345 941 2639 1012; x_wconf 88' lang='lat' dir='ltr'>interro-</span> 
     </span>
     <span class='ocr_line' id='line_1_7' title="bbox 266 1038 2639 1137; baseline 0.004 -30"><span class='ocrx_word' id='word_1_36' title='bbox 266 1038 498 1130; x_wconf 81' lang='lat' dir='ltr'>gando</span> <span class='ocrx_word' id='word_1_37' title='bbox 547 1038 685 1109; x_wconf 92' lang='lat' dir='ltr'>dici</span> <span class='ocrx_word' id='word_1_38' title='bbox 733 1039 930 1124; x_wconf 87' lang='lat' dir='ltr'>vidit,</span> <span class='ocrx_word' id='word_1_39' title='bbox 972 1041 1102 1112; x_wconf 92' lang='lat' dir='ltr'>hac</span> <span class='ocrx_word' id='word_1_40' title='bbox 1154 1042 1533 1112; x_wconf 88' lang='lat' dir='ltr'>sententia:</span> <span class='ocrx_word' id='word_1_41' title='bbox 1593 1064 1759 1113; x_wconf 91' lang='lat' dir='ltr'>num</span> <span class='ocrx_word' id='word_1_42' title='bbox 1797 1043 1933 1112; x_wconf 90' lang='lat' dir='ltr'>levi</span> <span class='ocrx_word' id='word_1_43' title='bbox 1971 1052 2232 1114; x_wconf 90' lang='lat' dir='ltr'>tantum</span> <span class='ocrx_word' id='word_1_44' title='bbox 2271 1055 2639 1137; x_wconf 87' lang='lat' dir='ltr'>praetextu</span> 
     </span>
     <span class='ocr_line' id='line_1_8' title="bbox 268 1145 2640 1238; baseline 0.003 -27"><span class='ocrx_word' id='word_1_45' title='bbox 268 1163 437 1234; x_wconf 90' lang='lat' dir='ltr'>opus</span> <span class='ocrx_word' id='word_1_46' title='bbox 478 1151 606 1226; x_wconf 91' lang='lat' dir='ltr'>est,</span> <span class='ocrx_word' id='word_1_47' title='bbox 647 1152 720 1214; x_wconf 91' lang='lat' dir='ltr'>ut</span> <span class='ocrx_word' id='word_1_48' title='bbox 759 1153 826 1212; x_wconf 92' lang='lat' dir='ltr'>te</span> <span class='ocrx_word' id='word_1_49' title='bbox 864 1165 997 1236; x_wconf 81' lang='lat' dir='ltr'>ego</span> <span class='ocrx_word' id='word_1_50' title='bbox 1035 1154 1106 1214; x_wconf 93' lang='lat' dir='ltr'>et</span> <span class='ocrx_word' id='word_1_51' title='bbox 1141 1165 1321 1237; x_wconf 90' lang='lat' dir='ltr'>quae</span> <span class='ocrx_word' id='word_1_52' title='bbox 1350 1146 1759 1238; x_wconf 83' lang='lat' dir='ltr'>superstites</span> <span class='ocrx_word' id='word_1_53' title='bbox 1787 1156 1989 1215; x_wconf 87' lang='lat' dir='ltr'>erunt</span> <span class='ocrx_word' id='word_1_54' title='bbox 2027 1145 2209 1216; x_wconf 89' lang='lat' dir='ltr'>filiae</span> <span class='ocrx_word' id='word_1_55' title='bbox 2251 1147 2346 1218; x_wconf 88' lang='lat' dir='ltr'>ita</span> <span class='ocrx_word' id='word_1_56' title='bbox 2381 1159 2455 1219; x_wconf 90' lang='lat' dir='ltr'>ut</span> <span class='ocrx_word' id='word_1_57' title='bbox 2490 1170 2640 1218; x_wconf 93' lang='lat' dir='ltr'>me-</span> 
     </span>
     <span class='ocr_line' id='line_1_9' title="bbox 269 1245 2638 1339; baseline 0.004 -26"><span class='ocrx_word' id='word_1_58' title='bbox 269 1245 432 1316; x_wconf 88' lang='lat' dir='ltr'>ritus</span> <span class='ocrx_word' id='word_1_59' title='bbox 473 1246 610 1315; x_wconf 90' lang='lat' dir='ltr'>eris</span> <span class='ocrx_word' id='word_1_60' title='bbox 650 1246 1125 1339; x_wconf 76' lang='lat' dir='ltr'>excipiamus?</span> <span class='ocrx_word' id='word_1_61' title='bbox 1199 1248 1280 1318; x_wconf 88' lang='lat' dir='ltr'>V.</span> <span class='ocrx_word' id='word_1_62' title='bbox 1322 1250 1540 1321; x_wconf 87' lang='grc'><strong>1202.</strong></span> <span class='ocrx_word' id='word_1_63' title='bbox 1574 1271 1760 1319; x_wconf 90' lang='lat' dir='ltr'>nunc</span> <span class='ocrx_word' id='word_1_64' title='bbox 1797 1249 2052 1333; x_wconf 91' lang='lat' dir='ltr'>malim,</span> <span class='ocrx_word' id='word_1_65' title='bbox 2091 1249 2214 1320; x_wconf 81' lang='grc' dir='ltr'>ἐὰν</span> <span class='ocrx_word' id='word_1_66' title='bbox 2252 1251 2515 1329; x_wconf 77' lang='grc' dir='ltr'><strong><em>αὐτοὺς</em></strong></span> <span class='ocrx_word' id='word_1_67' title='bbox 2554 1252 2638 1322; x_wconf 79' lang='grc' dir='ltr'>σύ</span> 
     </span>
     <span class='ocr_line' id='line_1_10' title="bbox 265 1349 2638 1447; baseline 0.003 -29"><span class='ocrx_word' id='word_1_68' title='bbox 265 1350 710 1442; x_wconf 75' lang='grc' dir='ltr'><strong><em>προθέμενος</em></strong></span> <span class='ocrx_word' id='word_1_69' title='bbox 763 1349 1046 1444; x_wconf 75' lang='grc' dir='ltr'><strong><em>κτάνῃς.</em></strong></span> <span class='ocrx_word' id='word_1_70' title='bbox 1146 1351 1218 1420; x_wconf 90' lang='lat' dir='ltr'>V.</span> <span class='ocrx_word' id='word_1_71' title='bbox 1266 1353 1485 1425; x_wconf 91' lang='grc'><strong>1212.</strong></span> <span class='ocrx_word' id='word_1_72' title='bbox 1535 1373 1676 1422; x_wconf 92' lang='lat' dir='ltr'>non</span> <span class='ocrx_word' id='word_1_73' title='bbox 1729 1374 1906 1445; x_wconf 94' lang='lat' dir='ltr'>opus</span> <span class='ocrx_word' id='word_1_74' title='bbox 1968 1352 2244 1423; x_wconf 85' lang='lat' dir='ltr'>videtur</span> <span class='ocrx_word' id='word_1_75' title='bbox 2304 1354 2638 1447; x_wconf 81' lang='lat' dir='ltr'>Hartungi</span> 
     </span>
     <span class='ocr_line' id='line_1_11' title="bbox 268 1452 2640 1550; baseline 0.003 -28"><span class='ocrx_word' id='word_1_76' title='bbox 268 1452 666 1523; x_wconf 90' lang='lat' dir='ltr'>coniectura</span> <span class='ocrx_word' id='word_1_77' title='bbox 716 1453 912 1523; x_wconf 81' lang='grc' dir='ltr'><strong><em>παῖδ’</em></strong></span> <span class='ocrx_word' id='word_1_78' title='bbox 974 1453 1587 1550; x_wconf 79' lang='grc' dir='ltr'><strong><em>ἁποστερήσομαι,</em></strong></span> <span class='ocrx_word' id='word_1_79' title='bbox 1648 1478 1862 1547; x_wconf 90' lang='lat' dir='ltr'>quum</span> <span class='ocrx_word' id='word_1_80' title='bbox 1918 1456 2076 1526; x_wconf 83' lang='lat' dir='ltr'>ferri</span> <span class='ocrx_word' id='word_1_81' title='bbox 2128 1456 2346 1548; x_wconf 89' lang='lat' dir='ltr'>possit</span> <span class='ocrx_word' id='word_1_82' title='bbox 2388 1459 2640 1535; x_wconf 78' lang='grc' dir='ltr'><strong><em>παιδὸς</em></strong></span> 
     </span>
     <span class='ocr_line' id='line_1_12' title="bbox 265 1553 2639 1655; baseline 0.003 -30"><span class='ocrx_word' id='word_1_83' title='bbox 265 1553 770 1650; x_wconf 78' lang='grc' dir='ltr'><strong><em>ὑστερήσομαι.</em></strong></span> <span class='ocrx_word' id='word_1_84' title='bbox 891 1556 1334 1650; x_wconf 83' lang='lat' dir='ltr'>Thucydides</span> <span class='ocrx_word' id='word_1_85' title='bbox 1406 1559 1509 1627; x_wconf 94' lang='lat' dir='ltr'><strong>III.</strong></span> <span class='ocrx_word' id='word_1_86' title='bbox 1557 1562 1674 1629; x_wconf 76' lang='lat'><strong>34.</strong></span> <span class='ocrx_word' id='word_1_87' title='bbox 1731 1559 1960 1654; x_wconf 72' lang='grc' dir='ltr'><strong><em>ἐπειδὴ</em></strong></span> <span class='ocrx_word' id='word_1_88' title='bbox 2012 1558 2169 1654; x_wconf 82' lang='grc' dir='ltr'><strong><em>τῆις</em></strong></span> <span class='ocrx_word' id='word_1_89' title='bbox 2218 1558 2639 1655; x_wconf 80' lang='grc' dir='ltr'><strong><em>Μυτιλήνης</em></strong></span> 
     </span>
     <span class='ocr_line' id='line_1_13' title="bbox 264 1656 2007 1754; baseline 0.001 -27"><span class='ocrx_word' id='word_1_90' title='bbox 264 1656 651 1754; x_wconf 79' lang='grc' dir='ltr'><strong><em>ὑστερήκει.</em></strong></span> <span class='ocrx_word' id='word_1_91' title='bbox 2006 1693 2007 1696; x_wconf 47' lang='grc'><strong>“</strong></span> 
     </span>
    </p>

    <p class='ocr_par' dir='ltr' id='par_1_5' title="bbox 265 1762 2638 1938">
     <span class='ocr_line' id='line_1_14' title="bbox 469 1762 2638 1857; baseline 0 -26"><span class='ocrx_word' id='word_1_92' title='bbox 469 1762 545 1831; x_wconf 88' lang='lat' dir='ltr'>V.</span> <span class='ocrx_word' id='word_1_93' title='bbox 585 1763 803 1835; x_wconf 88' lang='grc'><strong>1220.</strong></span> <span class='ocrx_word' id='word_1_94' title='bbox 839 1764 1131 1855; x_wconf 86' lang='lat' dir='ltr'>expulsa</span> <span class='ocrx_word' id='word_1_95' title='bbox 1181 1764 1690 1857; x_wconf 82' lang='lat' dir='ltr'>interpolatoris</span> <span class='ocrx_word' id='word_1_96' title='bbox 1739 1765 2110 1857; x_wconf 86' lang='lat' dir='ltr'>sapientia,</span> <span class='ocrx_word' id='word_1_97' title='bbox 2150 1787 2358 1856; x_wconf 87' lang='lat' dir='ltr'>quam</span> <span class='ocrx_word' id='word_1_98' title='bbox 2411 1763 2638 1834; x_wconf 90' lang='lat' dir='ltr'>hausit</span> 
     </span>
     <span class='ocr_line' id='line_1_15' title="bbox 265 1866 1373 1938; baseline 0.002 -4"><span class='ocrx_word' id='word_1_99' title='bbox 265 1885 352 1935; x_wconf 82' lang='lat' dir='ltr'>ex</span> <span class='ocrx_word' id='word_1_100' title='bbox 387 1867 651 1936; x_wconf 89' lang='lat' dir='ltr'>Alcest.</span> <span class='ocrx_word' id='word_1_101' title='bbox 687 1866 856 1937; x_wconf 85' lang='lat'><strong>358.</strong></span> <span class='ocrx_word' id='word_1_102' title='bbox 890 1868 1373 1938; x_wconf 87' lang='lat' dir='ltr'>scribendum:</span> 
     </span>
    </p>

    <p class='ocr_par' dir='ltr' id='par_1_6' title="bbox 623 1966 2265 2271">
     <span class='ocr_line' id='line_1_16' title="bbox 623 1966 2265 2065; baseline 0 -28"><span class='ocrx_word' id='word_1_103' title='bbox 623 1971 692 2038; x_wconf 84' lang='grc' dir='ltr'><strong><em>εἰ</em></strong></span> <span class='ocrx_word' id='word_1_104' title='bbox 720 1968 850 2058; x_wconf 83' lang='grc' dir='ltr'>μὲν</span> <span class='ocrx_word' id='word_1_105' title='bbox 886 1970 1014 2040; x_wconf 88' lang='grc' dir='ltr'>τὸν</span> <span class='ocrx_word' id='word_1_106' title='bbox 1050 1972 1355 2065; x_wconf 78' lang='grc' dir='ltr'><em>Ὀρφέως</em></span> <span class='ocrx_word' id='word_1_107' title='bbox 1389 1967 1605 2059; x_wconf 86' lang='grc' dir='ltr'><strong><em>εἶχον,</em></strong></span> <span class='ocrx_word' id='word_1_108' title='bbox 1651 1966 1703 2040; x_wconf 77' lang='grc' dir='ltr'><em>ὦ</em></span> <span class='ocrx_word' id='word_1_109' title='bbox 1741 1968 1990 2064; x_wconf 72' lang='grc' dir='ltr'><strong><em>πάτερ,</em></strong></span> <span class='ocrx_word' id='word_1_110' title='bbox 2032 1968 2265 2060; x_wconf 83' lang='grc' dir='ltr'><strong><em>λόγον,</em></strong></span> 
     </span>
     <span class='ocr_line' id='line_1_17' title="bbox 627 2067 2142 2168; baseline 0.001 -27"><span class='ocrx_word' id='word_1_111' title='bbox 627 2072 904 2142; x_wconf 72' lang='grc' dir='ltr'><strong><em>πείθειν</em></strong></span> <span class='ocrx_word' id='word_1_112' title='bbox 940 2067 1258 2165; x_wconf 71' lang='grc' dir='ltr'><strong><em>ἑπᾴδουό</em></strong></span> <span class='ocrx_word' id='word_1_113' title='bbox 1301 2074 1426 2150; x_wconf 76' lang='grc' dir='ltr'>οὓς</span> <span class='ocrx_word' id='word_1_114' title='bbox 1462 2068 1853 2168; x_wconf 80' lang='grc' dir='ltr'><strong><em>ἐβουλόμην</em></strong></span> <span class='ocrx_word' id='word_1_115' title='bbox 1887 2074 2142 2163; x_wconf 80' lang='grc' dir='ltr'><strong><em>λόγοις,</em></strong></span> 
     </span>
     <span class='ocr_line' id='line_1_18' title="bbox 625 2171 1327 2271; baseline -0.001 -25"><span class='ocrx_word' id='word_1_116' title='bbox 625 2176 908 2246; x_wconf 71' lang='grc' dir='ltr'><strong><em>ἐνταῦθ’</em></strong></span> <span class='ocrx_word' id='word_1_117' title='bbox 953 2176 1041 2245; x_wconf 80' lang='grc' dir='ltr'>ἂν</span> <span class='ocrx_word' id='word_1_118' title='bbox 1076 2171 1327 2271; x_wconf 74' lang='grc' dir='ltr'><strong><em>ἦλθον.</em></strong></span> 
     </span>
    </p>

    <p class='ocr_par' dir='ltr' id='par_1_7' title="bbox 263 2276 2639 2680">
     <span class='ocr_line' id='line_1_19' title="bbox 474 2276 2639 2369; baseline 0.001 -22"><span class='ocrx_word' id='word_1_119' title='bbox 474 2278 550 2348; x_wconf 87' lang='lat' dir='ltr'>V.</span> <span class='ocrx_word' id='word_1_120' title='bbox 597 2279 816 2350; x_wconf 88' lang='grc'><strong>1236.</strong></span> <span class='ocrx_word' id='word_1_121' title='bbox 860 2279 1364 2350; x_wconf 89' lang='lat' dir='ltr'>restituendum</span> <span class='ocrx_word' id='word_1_122' title='bbox 1402 2276 1862 2369; x_wconf 78' lang='grc' dir='ltr'><strong><em>ἀντιλάζυμαι</em></strong></span> <span class='ocrx_word' id='word_1_123' title='bbox 1874 2328 1898 2367; x_wconf 86' lang='grc'>,</span> <span class='ocrx_word' id='word_1_124' title='bbox 1941 2278 1996 2348; x_wconf 88' lang='lat' dir='ltr'>si</span> <span class='ocrx_word' id='word_1_125' title='bbox 2035 2300 2201 2348; x_wconf 86' lang='lat' dir='ltr'>vera</span> <span class='ocrx_word' id='word_1_126' title='bbox 2253 2290 2359 2350; x_wconf 89' lang='lat' dir='ltr'>est</span> <span class='ocrx_word' id='word_1_127' title='bbox 2397 2281 2639 2350; x_wconf 86' lang='lat' dir='ltr'>obser-</span> 
     </span>
     <span class='ocr_line' id='line_1_20' title="bbox 267 2380 2632 2474; baseline 0.001 -24"><span class='ocrx_word' id='word_1_128' title='bbox 267 2382 452 2452; x_wconf 85' lang='lat' dir='ltr'>vatio</span> <span class='ocrx_word' id='word_1_129' title='bbox 505 2382 851 2465; x_wconf 89' lang='lat' dir='ltr'>Elmsleii,</span> <span class='ocrx_word' id='word_1_130' title='bbox 891 2381 1140 2452; x_wconf 90' lang='lat' dir='ltr'>Atticis</span> <span class='ocrx_word' id='word_1_131' title='bbox 1188 2380 1490 2467; x_wconf 71' lang='grc' dir='ltr'><strong><em>λάζυσθε</em></strong></span> <span class='ocrx_word' id='word_1_132' title='bbox 1548 2392 1811 2453; x_wconf 90' lang='lat' dir='ltr'>tantum</span> <span class='ocrx_word' id='word_1_133' title='bbox 1864 2382 2273 2474; x_wconf 87' lang='lat' dir='ltr'>imperativo</span> <span class='ocrx_word' id='word_1_134' title='bbox 2325 2382 2481 2453; x_wconf 92' lang='lat' dir='ltr'>dici.</span> <span class='ocrx_word' id='word_1_135' title='bbox 2558 2383 2632 2452; x_wconf 93' lang='lat' dir='ltr'>V.</span> 
     </span>
     <span class='ocr_line' id='line_1_21' title="bbox 271 2480 2636 2581; baseline 0.001 -28"><span class='ocrx_word' id='word_1_136' title='bbox 271 2485 478 2558; x_wconf 87' lang='grc'><strong>1237.</strong></span> <span class='ocrx_word' id='word_1_137' title='bbox 525 2485 973 2557; x_wconf 88' lang='lat' dir='ltr'>scribendum</span> <span class='ocrx_word' id='word_1_138' title='bbox 1025 2485 1323 2569; x_wconf 81' lang='lat' dir='ltr'>videtur,</span> <span class='ocrx_word' id='word_1_139' title='bbox 1377 2484 1455 2554; x_wconf 84' lang='grc' dir='ltr'>τί</span> <span class='ocrx_word' id='word_1_140' title='bbox 1502 2487 1562 2554; x_wconf 80' lang='grc' dir='ltr'>δ’</span> <span class='ocrx_word' id='word_1_141' title='bbox 1618 2480 1768 2555; x_wconf 80' lang='grc' dir='ltr'><strong><em>αὖτ’</em></strong></span> <span class='ocrx_word' id='word_1_142' title='bbox 1823 2482 1950 2573; x_wconf 80' lang='grc' dir='ltr'>ἐγώ</span> <span class='ocrx_word' id='word_1_143' title='bbox 2003 2512 2076 2556; x_wconf 88' lang='grc' dir='ltr'><strong><em>σε</em></strong></span> <span class='ocrx_word' id='word_1_144' title='bbox 2127 2488 2478 2581; x_wconf 66' lang='grc' dir='ltr'><strong><em>πρέσβυν5</em></strong></span> <span class='ocrx_word' id='word_1_145' title='bbox 2533 2482 2636 2581; x_wconf 73' lang='grc' dir='ltr'>ἄρ’</span> 
     </span>
     <span class='ocr_line' id='line_1_22' title="bbox 263 2590 648 2680; baseline 0.003 -22"><span class='ocrx_word' id='word_1_146' title='bbox 263 2590 648 2680; x_wconf 80' lang='grc' dir='ltr'><strong><em>ε’ςδέξομαι.</em></strong></span> 
     </span>
    </p>

    <p class='ocr_par' dir='ltr' id='par_1_8' title="bbox 265 2691 2643 3095">
     <span class='ocr_line' id='line_1_23' title="bbox 471 2691 2641 2789; baseline 0.002 -30"><span class='ocrx_word' id='word_1_147' title='bbox 471 2693 546 2761; x_wconf 93' lang='lat' dir='ltr'>V.</span> <span class='ocrx_word' id='word_1_148' title='bbox 588 2695 806 2766; x_wconf 79' lang='grc'><strong>1255.</strong></span> <span class='ocrx_word' id='word_1_149' title='bbox 852 2692 1300 2764; x_wconf 85' lang='lat' dir='ltr'>scribendum</span> <span class='ocrx_word' id='word_1_150' title='bbox 1346 2694 1479 2764; x_wconf 83' lang='grc' dir='ltr'><strong><em>ἀλλ’</em></strong></span> <span class='ocrx_word' id='word_1_151' title='bbox 1536 2691 1816 2762; x_wconf 75' lang='grc' dir='ltr'><strong><em>αἴδεσαί</em></strong></span> <span class='ocrx_word' id='word_1_152' title='bbox 1859 2719 1949 2782; x_wconf 87' lang='grc' dir='ltr'><strong><em>με</em></strong></span> <span class='ocrx_word' id='word_1_153' title='bbox 1996 2692 2112 2763; x_wconf 85' lang='grc' dir='ltr'>καὶ</span> <span class='ocrx_word' id='word_1_154' title='bbox 2156 2692 2641 2789; x_wconf 73' lang='grc' dir='ltr'><strong><em>κατοίκτειρον</em></strong></span> 
     </span>
     <span class='ocr_line' id='line_1_24' title="bbox 265 2794 2643 2889; baseline 0.003 -25"><span class='ocrx_word' id='word_1_155' title='bbox 265 2794 449 2885; x_wconf 81' lang='grc' dir='ltr'><strong><em>βίου.</em></strong></span> <span class='ocrx_word' id='word_1_156' title='bbox 513 2796 591 2865; x_wconf 92' lang='lat' dir='ltr'>V.</span> <span class='ocrx_word' id='word_1_157' title='bbox 633 2796 852 2869; x_wconf 89' lang='grc'><strong>1267.</strong></span> <span class='ocrx_word' id='word_1_158' title='bbox 914 2797 1207 2868; x_wconf 88' lang='lat' dir='ltr'>Credam</span> <span class='ocrx_word' id='word_1_159' title='bbox 1244 2797 1646 2889; x_wconf 86' lang='lat' dir='ltr'>Euripidem</span> <span class='ocrx_word' id='word_1_160' title='bbox 1685 2795 2069 2887; x_wconf 85' lang='lat' dir='ltr'>scripsisse,</span> <span class='ocrx_word' id='word_1_161' title='bbox 2110 2796 2149 2865; x_wconf 87' lang='grc' dir='ltr'>ὃ</span> <span class='ocrx_word' id='word_1_162' title='bbox 2187 2796 2317 2886; x_wconf 83' lang='grc' dir='ltr'>μὲν</span> <span class='ocrx_word' id='word_1_163' title='bbox 2356 2796 2643 2873; x_wconf 82' lang='grc' dir='ltr'><strong><em>νεοσσὸς</em></strong></span> 
     </span>
     <span class='ocr_line' id='line_1_25' title="bbox 266 2895 2643 2996; baseline 0.001 -30"><span class='ocrx_word' id='word_1_164' title='bbox 266 2895 503 2979; x_wconf 81' lang='grc' dir='ltr'><strong><em>οὗτος,</em></strong></span> <span class='ocrx_word' id='word_1_165' title='bbox 537 2900 580 2994; x_wconf 80' lang='grc' dir='ltr'>ἢ</span> <span class='ocrx_word' id='word_1_166' title='bbox 612 2901 676 2969; x_wconf 76' lang='grc' dir='ltr'>δ’</span> <span class='ocrx_word' id='word_1_167' title='bbox 707 2902 1087 2996; x_wconf 74' lang='grc' dir='ltr'><strong><em>ηὐξημένη.</em></strong></span> <span class='ocrx_word' id='word_1_168' title='bbox 1148 2899 1222 2968; x_wconf 92' lang='lat' dir='ltr'>V.</span> <span class='ocrx_word' id='word_1_169' title='bbox 1264 2899 1482 2972; x_wconf 86' lang='grc'><strong>1267.</strong></span> <span class='ocrx_word' id='word_1_170' title='bbox 1518 2910 1709 2970; x_wconf 87' lang='lat' dir='ltr'>recte</span> <span class='ocrx_word' id='word_1_171' title='bbox 1741 2899 1965 2969; x_wconf 84' lang='lat' dir='ltr'>editor</span> <span class='ocrx_word' id='word_1_172' title='bbox 1992 2899 2359 2971; x_wconf 83' lang='lat' dir='ltr'>Britannus</span> <span class='ocrx_word' id='word_1_173' title='bbox 2388 2900 2643 2969; x_wconf 83' lang='lat' dir='ltr'>Reiskii</span> 
     </span>
     <span class='ocr_line' id='line_1_26' title="bbox 267 3002 1379 3095; baseline 0.002 -25"><span class='ocrx_word' id='word_1_174' title='bbox 267 3002 502 3080; x_wconf 75' lang='grc' dir='ltr'><strong><em>δεινῶς</em></strong></span> <span class='ocrx_word' id='word_1_175' title='bbox 538 3004 599 3071; x_wconf 78' lang='grc' dir='ltr'>δ’</span> <span class='ocrx_word' id='word_1_176' title='bbox 644 3003 779 3092; x_wconf 80' lang='grc' dir='ltr'><strong><em>ἔχει</em></strong></span> <span class='ocrx_word' id='word_1_177' title='bbox 814 3028 942 3095; x_wconf 88' lang='grc' dir='ltr'>μοι</span> <span class='ocrx_word' id='word_1_178' title='bbox 979 3002 1379 3073; x_wconf 80' lang='lat' dir='ltr'>vindicavit.</span> 
     </span>
    </p>

    <p class='ocr_par' dir='ltr' id='par_1_9' title="bbox 268 3104 2644 3383">
     <span class='ocr_line' id='line_1_27' title="bbox 474 3104 2640 3198; baseline -0 -24"><span class='ocrx_word' id='word_1_179' title='bbox 474 3105 546 3174; x_wconf 94' lang='lat' dir='ltr'>V.</span> <span class='ocrx_word' id='word_1_180' title='bbox 598 3104 817 3178; x_wconf 88' lang='grc'><strong>1276.</strong></span> <span class='ocrx_word' id='word_1_181' title='bbox 867 3105 1086 3178; x_wconf 90' lang='grc'><strong>1277.</strong></span> <span class='ocrx_word' id='word_1_182' title='bbox 1148 3105 1276 3175; x_wconf 92' lang='lat' dir='ltr'>Hic</span> <span class='ocrx_word' id='word_1_183' title='bbox 1313 3106 1454 3177; x_wconf 91' lang='lat' dir='ltr'>duo</span> <span class='ocrx_word' id='word_1_184' title='bbox 1491 3126 1729 3176; x_wconf 88' lang='lat' dir='ltr'>versus</span> <span class='ocrx_word' id='word_1_185' title='bbox 1767 3127 1905 3175; x_wconf 91' lang='lat' dir='ltr'>non</span> <span class='ocrx_word' id='word_1_186' title='bbox 1945 3105 2169 3176; x_wconf 88' lang='lat' dir='ltr'>minus</span> <span class='ocrx_word' id='word_1_187' title='bbox 2206 3104 2421 3198; x_wconf 91' lang='lat' dir='ltr'>inepti</span> <span class='ocrx_word' id='word_1_188' title='bbox 2458 3114 2640 3188; x_wconf 84' lang='lat' dir='ltr'>sunt,</span> 
     </span>
     <span class='ocr_line' id='line_1_28' title="bbox 269 3207 2644 3302; baseline -0 -24"><span class='ocrx_word' id='word_1_189' title='bbox 269 3229 476 3299; x_wconf 92' lang='lat' dir='ltr'>quam</span> <span class='ocrx_word' id='word_1_190' title='bbox 525 3231 706 3301; x_wconf 92' lang='lat' dir='ltr'>quae</span> <span class='ocrx_word' id='word_1_191' title='bbox 758 3209 1070 3280; x_wconf 87' lang='lat' dir='ltr'>similiter</span> <span class='ocrx_word' id='word_1_192' title='bbox 1122 3210 1379 3302; x_wconf 87' lang='lat' dir='ltr'>scripta</span> <span class='ocrx_word' id='word_1_193' title='bbox 1430 3232 1496 3278; x_wconf 87' lang='lat' dir='ltr'><strong>v.</strong></span> <span class='ocrx_word' id='word_1_194' title='bbox 1548 3207 1974 3280; x_wconf 78' lang='lat'><strong>534—537.</strong></span> <span class='ocrx_word' id='word_1_195' title='bbox 2023 3209 2180 3278; x_wconf 92' lang='lat' dir='ltr'>eiici</span> <span class='ocrx_word' id='word_1_196' title='bbox 2227 3208 2489 3279; x_wconf 87' lang='lat' dir='ltr'>debere</span> <span class='ocrx_word' id='word_1_197' title='bbox 2537 3207 2644 3278; x_wconf 88' lang='lat' dir='ltr'>di-</span> 
     </span>
     <span class='ocr_line' id='line_1_29' title="bbox 268 3320 616 3383; baseline 0.009 -4"><span class='ocrx_word' id='word_1_198' title='bbox 268 3320 453 3383; x_wconf 89' lang='lat' dir='ltr'>ctum</span> <span class='ocrx_word' id='word_1_199' title='bbox 489 3322 616 3382; x_wconf 91' lang='lat' dir='ltr'>est.</span> 
     </span>
    </p>

    <p class='ocr_par' dir='ltr' id='par_1_10' title="bbox 270 3414 2643 3924">
     <span class='ocr_line' id='line_1_30' title="bbox 477 3414 2643 3499; baseline 0 -15"><span class='ocrx_word' id='word_1_200' title='bbox 477 3415 544 3484; x_wconf 90' lang='lat' dir='ltr'>V.</span> <span class='ocrx_word' id='word_1_201' title='bbox 585 3417 804 3487; x_wconf 83' lang='grc'><strong>1285.</strong></span> <span class='ocrx_word' id='word_1_202' title='bbox 875 3417 1065 3487; x_wconf 89' lang='lat' dir='ltr'>Bene</span> <span class='ocrx_word' id='word_1_203' title='bbox 1110 3415 1594 3488; x_wconf 90' lang='lat' dir='ltr'>animadvertit</span> <span class='ocrx_word' id='word_1_204' title='bbox 1638 3415 1866 3486; x_wconf 84' lang='lat' dir='ltr'>editor</span> <span class='ocrx_word' id='word_1_205' title='bbox 1902 3417 2297 3499; x_wconf 82' lang='lat' dir='ltr'>BritannuS,</span> <span class='ocrx_word' id='word_1_206' title='bbox 2337 3437 2479 3486; x_wconf 91' lang='lat' dir='ltr'>non</span> <span class='ocrx_word' id='word_1_207' title='bbox 2517 3414 2643 3485; x_wconf 93' lang='lat' dir='ltr'>de-</span> 
     </span>
     <span class='ocr_line' id='line_1_31' title="bbox 270 3515 2641 3612; baseline 0.001 -27"><span class='ocrx_word' id='word_1_208' title='bbox 270 3515 500 3588; x_wconf 87' lang='lat' dir='ltr'>buisse</span> <span class='ocrx_word' id='word_1_209' title='bbox 550 3519 665 3589; x_wconf 87' lang='lat' dir='ltr'>hic</span> <span class='ocrx_word' id='word_1_210' title='bbox 718 3519 1025 3612; x_wconf 79' lang='lat' dir='ltr'>virgines</span> <span class='ocrx_word' id='word_1_211' title='bbox 1063 3519 1555 3592; x_wconf 90' lang='lat' dir='ltr'>Chalcidenses</span> <span class='ocrx_word' id='word_1_212' title='bbox 1593 3520 2029 3612; x_wconf 89' lang='lat' dir='ltr'>compellari,</span> <span class='ocrx_word' id='word_1_213' title='bbox 2085 3520 2214 3590; x_wconf 89' lang='lat' dir='ltr'>sed</span> <span class='ocrx_word' id='word_1_214' title='bbox 2249 3518 2641 3589; x_wconf 89' lang='lat' dir='ltr'>iterandum</span> 
     </span>
     <span class='ocr_line' id='line_1_32' title="bbox 271 3617 2641 3717; baseline 0.002 -30"><span class='ocrx_word' id='word_1_215' title='bbox 271 3621 479 3692; x_wconf 84' lang='lat' dir='ltr'>fuisse</span> <span class='ocrx_word' id='word_1_216' title='bbox 508 3617 560 3692; x_wconf 75' lang='grc' dir='ltr'><strong><em>ὦ</em></strong></span> <span class='ocrx_word' id='word_1_217' title='bbox 588 3625 860 3693; x_wconf 78' lang='grc' dir='ltr'><strong><em>τέκνον.</em></strong></span> <span class='ocrx_word' id='word_1_218' title='bbox 922 3624 1111 3694; x_wconf 89' lang='lat' dir='ltr'>Bene</span> <span class='ocrx_word' id='word_1_219' title='bbox 1148 3625 1359 3695; x_wconf 93' lang='lat' dir='ltr'>etiam</span> <span class='ocrx_word' id='word_1_220' title='bbox 1386 3625 1786 3717; x_wconf 86' lang='lat' dir='ltr'>Hartungus</span> <span class='ocrx_word' id='word_1_221' title='bbox 1825 3624 2182 3707; x_wconf 84' lang='lat' dir='ltr'>intellexit,</span> <span class='ocrx_word' id='word_1_222' title='bbox 2213 3621 2641 3715; x_wconf 89' lang='lat' dir='ltr'>respondere</span> 
     </span>
     <span class='ocr_line' id='line_1_33' title="bbox 270 3722 2641 3821; baseline 0.001 -31"><span class='ocrx_word' id='word_1_223' title='bbox 270 3722 444 3794; x_wconf 90' lang='lat' dir='ltr'>inter</span> <span class='ocrx_word' id='word_1_224' title='bbox 478 3747 555 3796; x_wconf 92' lang='lat' dir='ltr'>se</span> <span class='ocrx_word' id='word_1_225' title='bbox 592 3737 1010 3819; x_wconf 91' lang='lat' dir='ltr'>anapaestos</span> <span class='ocrx_word' id='word_1_226' title='bbox 1048 3727 1638 3821; x_wconf 83' lang='lat' dir='ltr'>Clytaemnestrae</span> <span class='ocrx_word' id='word_1_227' title='bbox 1675 3736 1747 3796; x_wconf 95' lang='lat' dir='ltr'>et</span> <span class='ocrx_word' id='word_1_228' title='bbox 1782 3727 2210 3820; x_wconf 82' lang='lat' dir='ltr'>Iphigeniae,</span> <span class='ocrx_word' id='word_1_229' title='bbox 2263 3725 2392 3796; x_wconf 91' lang='lat' dir='ltr'>sed</span> <span class='ocrx_word' id='word_1_230' title='bbox 2448 3725 2641 3796; x_wconf 91' lang='lat' dir='ltr'>latuit</span> 
     </span>
     <span class='ocr_line' id='line_1_34' title="bbox 271 3830 1811 3924; baseline 0.001 -27"><span class='ocrx_word' id='word_1_231' title='bbox 271 3847 427 3898; x_wconf 88' lang='lat' dir='ltr'>eum</span> <span class='ocrx_word' id='word_1_232' title='bbox 466 3830 687 3923; x_wconf 90' lang='lat' dir='ltr'>aptior</span> <span class='ocrx_word' id='word_1_233' title='bbox 723 3831 1050 3923; x_wconf 89' lang='lat' dir='ltr'>explendi</span> <span class='ocrx_word' id='word_1_234' title='bbox 1087 3832 1218 3916; x_wconf 87' lang='lat' dir='ltr'>via,</span> <span class='ocrx_word' id='word_1_235' title='bbox 1254 3854 1434 3924; x_wconf 91' lang='lat' dir='ltr'>quae</span> <span class='ocrx_word' id='word_1_236' title='bbox 1479 3830 1632 3900; x_wconf 92' lang='lat' dir='ltr'>talis</span> <span class='ocrx_word' id='word_1_237' title='bbox 1672 3841 1811 3900; x_wconf 87' lang='lat' dir='ltr'>est:</span> 
     </span>
    </p>

    <p class='ocr_par' dir='ltr' id='par_1_11' title="bbox 628 3928 2027 4235">
     <span class='ocr_line' id='line_1_35' title="bbox 630 3928 2027 4025; baseline 0.001 -23"><span class='ocrx_word' id='word_1_238' title='bbox 630 3928 683 4003; x_wconf 80' lang='grc' dir='ltr'><em>ὦ</em></span> <span class='ocrx_word' id='word_1_239' title='bbox 718 3936 990 4025; x_wconf 78' lang='grc' dir='ltr'><strong><em>τέκνον,</em></strong></span> <span class='ocrx_word' id='word_1_240' title='bbox 1038 3931 1090 4006; x_wconf 76' lang='grc' dir='ltr'><em>ὦ</em></span> <span class='ocrx_word' id='word_1_241' title='bbox 1126 3937 1400 4025; x_wconf 80' lang='grc' dir='ltr'><strong><em>τέκνον,</em></strong></span> <span class='ocrx_word' id='word_1_242' title='bbox 1443 3933 1660 4022; x_wconf 76' lang='grc' dir='ltr'>οἷ’γώ</span> <span class='ocrx_word' id='word_1_243' title='bbox 1697 3930 2027 4005; x_wconf 73' lang='grc' dir='ltr'><strong><em>θανάτου</em></strong></span> 
     </span>
     <span class='ocr_line' id='line_1_36' title="bbox 628 4036 1867 4133; baseline 0 -27"><span class='ocrx_word' id='word_1_244' title='bbox 628 4038 761 4106; x_wconf 81' lang='grc' dir='ltr'>τοῦ</span> <span class='ocrx_word' id='word_1_245' title='bbox 802 4039 929 4108; x_wconf 86' lang='grc' dir='ltr'><strong><em>σοῦ’</em></strong></span> <span class='ocrx_word' id='word_1_246' title='bbox 966 4040 1200 4129; x_wconf 79' lang='grc' dir='ltr'><strong><em>μελέα·</em></strong></span> <span class='ocrx_word' id='word_1_247' title='bbox 1246 4036 1485 4131; x_wconf 81' lang='grc' dir='ltr'><strong><em>φεύγει</em></strong></span> <span class='ocrx_word' id='word_1_248' title='bbox 1524 4063 1593 4106; x_wconf 90' lang='grc' dir='ltr'><strong><em>σε</em></strong></span> <span class='ocrx_word' id='word_1_249' title='bbox 1634 4036 1867 4133; x_wconf 77' lang='grc' dir='ltr'><strong><em>πατὴρ</em></strong></span> 
     </span>
     <span class='ocr_line' id='line_1_37' title="bbox 778 4139 1862 4235; baseline 0.001 -26"><span class='ocrx_word' id='word_1_250' title='bbox 778 4139 971 4234; x_wconf 76' lang='grc' dir='ltr'>Ἅιδῃ</span> <span class='ocrx_word' id='word_1_251' title='bbox 1011 4141 1373 4235; x_wconf 78' lang='grc' dir='ltr'><strong><em>παραδοὺς</em></strong></span> <span class='ocrx_word' id='word_1_252' title='bbox 1410 4145 1862 4228; x_wconf 80' lang='grc' dir='ltr'><strong><em>κατενεγκεῖν.</em></strong></span> 
     </span>
    </p>

    <p class='ocr_par' dir='ltr' id='par_1_12' title="bbox 278 4242 2788 4641">
     <span class='ocr_line' id='line_1_38' title="bbox 474 4242 2788 4335; baseline 0.002 -24"><span class='ocrx_word' id='word_1_253' title='bbox 474 4243 549 4312; x_wconf 93' lang='lat' dir='ltr'>In</span> <span class='ocrx_word' id='word_1_254' title='bbox 601 4244 865 4313; x_wconf 81' lang='lat' dir='ltr'>melicis</span> <span class='ocrx_word' id='word_1_255' title='bbox 921 4264 1103 4335; x_wconf 90' lang='lat' dir='ltr'>quae</span> <span class='ocrx_word' id='word_1_256' title='bbox 1159 4254 1540 4335; x_wconf 88' lang='lat' dir='ltr'>sequuntur</span> <span class='ocrx_word' id='word_1_257' title='bbox 1594 4243 1822 4314; x_wconf 91' lang='lat' dir='ltr'>editor</span> <span class='ocrx_word' id='word_1_258' title='bbox 1870 4242 2272 4326; x_wconf 83' lang='lat' dir='ltr'>BritannuS,</span> <span class='ocrx_word' id='word_1_259' title='bbox 2312 4244 2430 4335; x_wconf 91' lang='lat' dir='ltr'>qui</span> <span class='ocrx_word' id='word_1_260' title='bbox 2466 4245 2640 4315; x_wconf 88' lang='lat' dir='ltr'>miro</span> <span class='ocrx_word' id='word_1_261' title='bbox 2662 4270 2712 4320; x_wconf 86' lang='lat' dir='ltr'>p.</span> <span class='ocrx_word' id='word_1_262' title='bbox 2735 4259 2788 4304; x_wconf 79' lang='lat'>⁴⁴</span> 
     </span>
     <span class='ocr_line' id='line_1_39' title="bbox 278 4345 2639 4437; baseline 0.001 -24"><span class='ocrx_word' id='word_1_263' title='bbox 278 4365 509 4416; x_wconf 84' lang='lat' dir='ltr'>errore</span> <span class='ocrx_word' id='word_1_264' title='bbox 559 4369 700 4418; x_wconf 91' lang='lat' dir='ltr'>non</span> <span class='ocrx_word' id='word_1_265' title='bbox 743 4347 918 4417; x_wconf 89' lang='lat' dir='ltr'>vidit</span> <span class='ocrx_word' id='word_1_266' title='bbox 952 4353 1158 4424; x_wconf 73' lang='grc' dir='ltr'><strong><em>θεαῖς</em></strong></span> <span class='ocrx_word' id='word_1_267' title='bbox 1193 4370 1259 4417; x_wconf 85' lang='lat' dir='ltr'><strong>v.</strong></span> <span class='ocrx_word' id='word_1_268' title='bbox 1300 4348 1518 4418; x_wconf 80' lang='grc'><strong>1305.</strong></span> <span class='ocrx_word' id='word_1_269' title='bbox 1551 4368 1695 4417; x_wconf 91' lang='lat' dir='ltr'>non</span> <span class='ocrx_word' id='word_1_270' title='bbox 1732 4347 1822 4416; x_wconf 92' lang='lat' dir='ltr'>de</span> <span class='ocrx_word' id='word_1_271' title='bbox 1858 4345 2078 4417; x_wconf 90' lang='lat' dir='ltr'>tribus</span> <span class='ocrx_word' id='word_1_272' title='bbox 2116 4345 2418 4430; x_wconf 82' lang='lat' dir='ltr'>deabuS,</span> <span class='ocrx_word' id='word_1_273' title='bbox 2458 4367 2639 4437; x_wconf 86' lang='lat' dir='ltr'>quae</span> 
     </span>
     <span class='ocr_line' id='line_1_40' title="bbox 283 4446 2635 4543; baseline 0.001 -28"><span class='ocrx_word' id='word_1_274' title='bbox 283 4446 372 4516; x_wconf 91' lang='lat' dir='ltr'>ad</span> <span class='ocrx_word' id='word_1_275' title='bbox 404 4448 659 4520; x_wconf 89' lang='lat' dir='ltr'>Paridis</span> <span class='ocrx_word' id='word_1_276' title='bbox 698 4450 1027 4522; x_wconf 91' lang='lat' dir='ltr'>iudicium</span> <span class='ocrx_word' id='word_1_277' title='bbox 1064 4450 1451 4534; x_wconf 90' lang='lat' dir='ltr'>venissent,</span> <span class='ocrx_word' id='word_1_278' title='bbox 1492 4450 1621 4520; x_wconf 90' lang='lat' dir='ltr'>sed</span> <span class='ocrx_word' id='word_1_279' title='bbox 1674 4450 1765 4521; x_wconf 89' lang='lat' dir='ltr'>de</span> <span class='ocrx_word' id='word_1_280' title='bbox 1800 4449 2121 4543; x_wconf 81' lang='lat' dir='ltr'>nymphis</span> <span class='ocrx_word' id='word_1_281' title='bbox 2159 4449 2421 4521; x_wconf 90' lang='lat' dir='ltr'>dictum</span> <span class='ocrx_word' id='word_1_282' title='bbox 2457 4469 2635 4531; x_wconf 89' lang='lat' dir='ltr'>esse,</span> 
     </span>
     <span class='ocr_line' id='line_1_41' title="bbox 281 4551 2640 4641; baseline 0 -22"><span class='ocrx_word' id='word_1_283' title='bbox 281 4551 485 4623; x_wconf 88' lang='lat' dir='ltr'>multa</span> <span class='ocrx_word' id='word_1_284' title='bbox 518 4575 658 4626; x_wconf 91' lang='lat' dir='ltr'>non</span> <span class='ocrx_word' id='word_1_285' title='bbox 693 4555 876 4624; x_wconf 89' lang='lat' dir='ltr'>bene</span> <span class='ocrx_word' id='word_1_286' title='bbox 911 4553 1439 4626; x_wconf 89' lang='lat' dir='ltr'>administravit.</span> <span class='ocrx_word' id='word_1_287' title='bbox 1511 4553 1769 4626; x_wconf 89' lang='lat' dir='ltr'>Versus</span> <span class='ocrx_word' id='word_1_288' title='bbox 1812 4554 2340 4624; x_wconf 87' lang='grc'><strong>1310-1313,</strong></span> <span class='ocrx_word' id='word_1_289' title='bbox 2374 4551 2640 4641; x_wconf 80' lang='lat' dir='ltr'>langui-</span> 
     </span>
    </p>
   </div>
  </div>
 </body>
</html>
