3328 5326
1167 381 1676 443 THEOCRITUS.
2284 429 2287 432 .
2485 385 2599 446 321

546 571 741 664 ἐγγὺς
778 572 851 643 δὲ
890 574 1210 664 σταθμοὶ
1248 574 1657 668 περιμηκεές
1694 570 2147 667 ἀγροιώταις.

263 677 409 748 Nam
446 675 639 774 quod
675 677 928 769 legitur
961 674 1207 764 εὐθύς,
1251 687 1327 747 ut
1363 675 1650 747 defendi
1686 679 1929 769 possit,
1969 677 2029 747 si
2062 676 2309 762 statim,
2342 678 2475 752 hoc
2512 688 2621 750 est

256 780 535 877 proxime
594 781 1161 872 interpretemur,
1232 790 1463 851 tamen
1529 801 1617 850 ne
1690 780 2014 851 usitatum
2068 780 2353 872 quidem
2404 783 2620 875 epicis

261 884 655 956 vocabulum
708 894 838 954 est.
933 883 1075 953 Nisi
1129 884 1284 976 quis
1321 905 1409 954 eo
1445 904 1524 954 se
1559 883 1862 977 prodere
1900 883 2343 956 Theocritum
2382 885 2621 955 existi-

260 988 473 1058 mabit.

442 1092 519 1160 V.
556 1090 675 1164 27.
727 1090 947 1161 facilis
1002 1090 1323 1182 quidem,
1378 1090 1720 1183 simulque
1759 1091 2115 1184 aptissima
2151 1102 2259 1161 est
2295 1091 2621 1162 Meinekii

258 1195 674 1280 coniectura,
751 1193 1008 1288 οὔρους
1056 1192 1200 1290 μὴν
1254 1192 1538 1266 ναίουσι
1596 1192 2091 1287 φυτοσκάφοι,
2171 1196 2287 1266 ubi
2336 1195 2623 1267 codices

256 1296 655 1394 μηννίσασι,
695 1296 1159 1389 μιμνίσουσι,
1196 1308 1266 1367 et
1303 1319 1481 1370 unus
1510 1298 1577 1367 in
1614 1299 1930 1390 margine
1966 1296 2295 1369 νίσσουσι
2328 1298 2618 1370 habent:

257 1413 541 1472 attamen
578 1422 714 1471 nee
748 1401 891 1471 veri
930 1400 1151 1486 simile
1189 1410 1332 1486 est,
1372 1412 1447 1473 ut
1483 1401 1745 1497 οὔρους
1777 1401 1923 1497 μὴν
1960 1400 2245 1472 ναίουσι
2281 1413 2624 1474 mutatum

258 1506 442 1577 fuerit
478 1506 548 1575 in
585 1505 942 1597 vulgatum
994 1504 1250 1599 οὔρους
1282 1504 1427 1600 μὴν
1467 1508 1734 1591 ἴσασιν,
1778 1515 1847 1575 et
1903 1504 2035 1575 hoc
2075 1506 2304 1599 ipsum
2345 1506 2624 1577 videtur

256 1609 521 1680 defendi
561 1629 788 1702 posse.
849 1607 1289 1702 Amplissima
1327 1609 1511 1679 enim
1551 1610 1664 1680 illa
1702 1610 1896 1702 regio
1933 1620 2117 1694 erat,
2159 1610 2348 1702 quod
2386 1621 2624 1681 osten-

256 1714 413 1786 dunt
470 1734 641 1805 quae
694 1722 1116 1805 sequuntur,
1182 1721 1258 1782 ut
1321 1723 1514 1783 recte
1568 1712 1709 1784 dici
1763 1714 2103 1806 potuerit,
2169 1714 2286 1805 qui
2347 1714 2623 1783 termini

254 1838 562 1910 agrorum
600 1817 737 1886 sint
772 1837 983 1888 nosse
1020 1817 1352 1899 fossoreS‚
1391 1817 1508 1908 qui
1545 1815 1633 1887 ad
1674 1817 2083 1888 metendum
2109 1817 2478 1908 quotannis
2506 1840 2626 1886 ve-

256 1921 449 1992 niant.
870 1945 874 1952 ’

443 2024 519 2092 V.
557 2026 675 2093 34.
709 1983 1034 2115 vulgatae
1067 2021 1273 2117 μέχρι
1310 2021 1487 2143 πρὸς
1512 2023 1842 2111 ἐσχατιὰς
1869 2025 2261 2117 praeferam
2298 2023 2624 2094 codicum

254 2129 650 2221 scripturam
685 2128 932 2220 μέχρις
966 2128 1063 2196 ἐπ’
1103 2121 1459 2216 ἐσχατιας.

444 2231 518 2301 V.
557 2232 675 2301 36.
710 2230 892 2301 male
929 2230 1178 2323 legitur
1211 2230 1299 2326 ἠέ
1326 2255 1445 2298 τοι
1478 2229 1823 2325 Αὐγείην.
1911 2230 1987 2301 Id
2040 2253 2206 2303 usus
2250 2241 2321 2301 et
2356 2251 2626 2301 sermo·

249 2335 343 2405 nis
378 2334 556 2405 ratio
592 2333 733 2405 dici
768 2335 1121 2426 postulant
1152 2332 1233 2429 ἠὲ
1270 2331 1357 2403 σύ
1391 2334 1444 2422 y'
1481 2332 1828 2429 Αὐγείην.
1908 2334 2197 2406 Videtur
2229 2361 2350 2405 τοι
2385 2357 2473 2406 θο
2512 2356 2627 2405 or-

252 2447 406 2525 tum,
445 2438 639 2531 quod
674 2437 922 2529 aliquis
957 2437 1189 2508 scriba
1223 2436 1553 2508 Doricum
1585 2437 1678 2507 τύ
1711 2449 2062 2532 posuerat.
2123 2438 2297 2509 Nam
2337 2438 2448 2510 hic
2486 2439 2624 2509 illic

248 2541 310 2611 in
353 2543 489 2613 hoc
544 2541 853 2611 carmine
905 2541 1153 2634 aliquis
1202 2539 1433 2611 codex
1469 2540 1759 2612 Doricas
1815 2544 2070 2616 formas
2123 2542 2374 2628 habet,
2434 2543 2625 2636 quod

248 2645 492 2717 librarii
527 2644 973 2717 Theocritum
1008 2645 1260 2716 Dorice
1311 2645 1675 2738 scripsisse
1728 2645 2065 2719 sciebant.
2152 2647 2506 2719 Titubavit
2556 2649 2626 2717 in

248 2749 372 2823 hoc
409 2771 671 2844 genere
716 2750 926 2821 etiam
962 2749 1479 2820 Valckenarius.

444 2855 520 2923 V.
573 2853 690 2924 46.
736 2875 879 2925 non
930 2864 1083 2924 erat
1127 2853 1469 2924 servanda
1505 2853 1786 2946 vulgata
1834 2852 1952 2925 διά
1987 2881 2064 2924 τε
2099 2853 2379 2950 κρίνησι
2415 2855 2624 2947 θέμι-

251 2982 438 3047 στας,
481 2978 663 3051 quae
701 2959 925 3029 forma
962 2956 1322 3028 indicativi
1352 2978 1492 3026 non
1523 2969 1631 3027 est
1660 2956 1954 3041 firmata,
1983 2958 2110 3027 sed
2140 2957 2625 3050 reponendum

249 3080 333 3130 ex
369 3061 728 3133 codicibus
766 3059 884 3130 διὰ
921 3060 994 3131 δὲ
1028 3059 1351 3155 κρίνουσι
1383 3061 1782 3150 θέμιστας,
1840 3060 2032 3153 quod
2079 3060 2342 3132 dictum
2388 3071 2497 3131 est
2533 3060 2626 3131 de

247 3163 347 3249 iis,
386 3167 503 3257 qui
541 3187 682 3236 una
718 3185 878 3235 cum
916 3184 1084 3256 rege
1121 3164 1192 3232 in
1229 3162 1489 3233 iudicio
1525 3163 1953 3234 assidebant.

445 3269 518 3339 V.
572 3267 688 3339 48.
738 3289 879 3338 non
929 3267 1154 3361 probo
1206 3274 1565 3358 receptum
1617 3265 1806 3344 ὅςτις
1852 3268 1951 3339 ἐπ’
2004 3267 2385 3360 ἀγρωστῶν
2421 3292 2622 3361 γερα-

247 3367 554 3463 ρώτατος
603 3367 1071 3467 αἰσυμνήτης.
1158 3370 1439 3442 Rectius
1492 3380 1688 3440 certe
1740 3369 2328 3455 Sanctamandus,
2368 3371 2485 3463 qui
2522 3370 2620 3441 ἐπ’

245 3473 589 3569 ἀγρώταις
624 3475 836 3546 scribi
876 3474 1176 3545 volebat.
1252 3474 1569 3546 Dativum
1609 3475 1793 3544 enim
1834 3475 1903 3543 in
1940 3474 2075 3545 hac
2113 3474 2446 3567 loquendi
2486 3476 2626 3544 for·
2643 3491 2813 3552 μετ’.

251 3598 354 3646 ma
404 3579 858 3672 requirimuS,
915 3587 991 3650 ut
1026 3600 1093 3649 v.
1133 3580 1301 3648 451.
1350 3579 1522 3651 2⁴8.
1610 3577 1906 3650 Codices
1955 3578 2349 3650 habent-{71²
2393 3579 2625 3674 ἀγρῶν

242 3680 387 3750 τῶν
418 3679 910 3778 γεραρώτατος
944 3691 1018 3751 et
1050 3678 1531 3777 γεραρώτερος
1567 3691 1640 3752 et
1685 3679 2224 3778 γεραρωτοίτων.
2311 3677 2471 3751 Non
2521 3682 2627 3751 vi-

244 3782 441 3856 detur
493 3787 749 3858 idonea
801 3807 1052 3856 caussa
1094 3806 1254 3857 esse
1300 3807 1425 3857 cur
1461 3806 1623 3859 eum
1660 3787 1794 3857 sibi
1830 3785 2118 3858 indicari
2158 3785 2325 3855 velit
2361 3786 2629 3857 Hercu-

244 3886 370 3973 les,
407 3891 521 3982 qui
558 3891 820 3984 primus
859 3889 1196 3982 dignitate
1234 3889 1414 3959 inter
1449 3890 1711 3960 villicos
1745 3890 2014 3982 Augiae
2052 3891 2163 3973 sit,
2202 3911 2416 3981 quum
2459 3890 2627 3959 satis

245 3991 352 4074 sit,
397 3995 452 4063 si
506 3996 805 4087 aliquem
862 3994 1197 4064 maiorem
1237 4005 1440 4075 natu,
1491 4014 1721 4085 eoque
1756 4015 2046 4086 gnarum
2087 4014 2328 4063 earum
2368 4015 2626 4077 rerum,

246 4092 334 4163 de
401 4099 649 4189 quibus
710 4098 798 4168 sit
857 4097 1331 4189 quaesituruS‚
1398 4119 1531 4167 nec
1608 4120 1868 4168 vanum
1938 4097 2289 4168 hominem
2364 4118 2632 4169 conve-

249 4197 396 4268 nire
430 4202 677 4295 cupiat.
740 4203 972 4286 Quare
1011 4200 1301 4271 multum
1337 4212 1696 4293 praestare
1734 4202 2034 4271 arbitror
2071 4201 2425 4293 vulgatam
2457 4203 2632 4272 scri-

247 4312 548 4392 pturam‘:

403 4407 582 4485 ὄςτις
617 4409 715 4478 ἐπ’
760 4407 994 4502 ἀγρῶν
1027 4406 1249 4478 τῶνδε
1281 4405 1706 4534 γεραίτερος
1726 4403 2195 4503 αἰσυμνήτης.

449 4511 521 4580 V.
558 4510 676 4582 44.
710 4533 924 4604 quum
953 4507 1386 4603 legeretur
1330 4537 1383 4580 ω
1415 4538 1487 4581 κε
1511 4511 1598 4583 τὸ
1625 4513 1757 4602 μέν
1784 4514 1835 4581 κ’
1864 4514 2166 4604 εἴποιμι,
2200 4510 2629 4584 Lobeckius-

251 4629 393 4700 que
423 4612 554 4684 hoc
591 4636 802 4687 Versu
837 4625 1041 4686 utens
1072 4614 1161 4684 ad
1192 4614 1441 4707 Phryn.
1474 4638 1542 4709 p.
1578 4615 1674 4687 57
1685 4619 1750 4686 0
1810 4612 1866 4708 ᾧ
1894 4640 1968 4685 κε
1993 4614 2080 4685 τὸ
2106 4616 2239 4708 μέν
2264 4618 2322 4686 τ’
2353 4616 2628 4703 εἴποιμι

341 4729 525 4792 Hnuu.
563 4733 672 4794 Or.
703 4735 855 4796 VIII.
2162 4736 2215 4796 V
