3328 5326
682 384 705 442 ⁴
721 383 800 443 54
1625 380 2098 443 AESCHYLUSI

884 577 1056 644 ΠΡ.
1096 578 1308 664 γαμεῖ
1339 571 1571 664 γάμον
1604 574 1971 662 veterator,
2012 568 2069 666 ᾦ
2107 570 2261 643 πότ’
2304 573 2597 665 ἀσχαλᾷ.
2733 657 2736 660 Α

883 675 1033 746 m.
1101 679 1413 772 θέορτον
1444 676 1490 773 ἢ
1525 673 1898 771 βρότειον,
1937 679 2007 747 εἰ
2035 674 2285 772 ῥητόν,
2332 672 2636 770 φράσον.

885 782 1056 849 ΠΡ.
1097 777 1173 850 τί
1204 780 1267 849 δ’
1310 779 1521 850 ὅντιν’
1532 807 1559 873 ,·
1599 780 1686 849 οὐ
1723 777 1860 875 γὰρ
1893 777 2113 877 ῥητὸν
2149 778 2514 850 αὐδᾶσθαι
2549 776 2739 849 τάδε.

679 884 914 974 Itaque
960 903 1181 973 quum
1230 883 1345 953 ille
1395 904 1632 953 amore
1683 883 1941 954 ardens
1990 882 2235 953 Thetin
2287 902 2582 952 uxorem
2619 881 2882 953 ducere
2937 903 3059 953 ou-

679 996 908 1080 peret,
956 985 1210 1057 dubius
1256 985 1434 1056 haee
1471 1008 1561 1056 an
1597 987 1728 1056 alia
1764 996 1956 1058 esset
2002 1007 2210 1079 quam
2247 983 2474 1055 vitare
2517 983 2842 1071 deberet,
2883 1007 3059 1080 opus

678 1089 985 1160 hahebat
1017 1111 1358 1183 responso
1396 1089 1811 1160 Promethei.
1895 1088 2102 1175 Quod
2136 1112 2350 1182 quum
2387 1089 2757 1182 impetrare
2808 1090 2902 1160 ab
2948 1090 3059 1160 illo

523 1232 576 1284 p.
597 1215 820 1268 anon
869 1203 1131 1286 posset,
1168 1192 1303 1264 nisi
1349 1216 1509 1265 eum
1553 1194 1747 1287 prius
1783 1193 2077 1266 vinculis
2114 1194 2449 1277 solvisset,
2490 1192 2878 1264 curandum
2916 1206 3063 1264 erat

683 1307 758 1368 ut
816 1297 1008 1367 salva
1051 1308 1285 1367 tamen
1347 1297 1711 1368 maiestate
1760 1319 1838 1367 se
1887 1298 2142 1368 victum
2190 1298 2583 1427 praeberet.
2694 1297 2870 1367 Nam
2933 1297 3062 1367 etsi

681 1399 1135 1474 Prometheus
1170 1423 1238 1471 V.
1274 1404 1444 1472 488.
1475 1400 1667 1485 dicit,

1301 1506 1436 1575 ἀλλ’
1477 1504 1703 1629 {fingas
1736 1502 2308 1595 μαλακογνώμων
2406 1519 2413 1524 “

1093 1605 1290 1677 ἔσται
1322 1609 1522 1695 ποθ’,
1566 1608 1741 1677 ὅταν
1773 1605 1999 1699 ταύτῃ
2036 1606 2338 1729 ῥαισθῇ,

1093 1710 1225 1805 τὴν
1260 1712 1321 1781 δ’
1363 1712 1766 1805 ἀτέραμνον
1805 1712 2139 1805 στορέσας
2175 1708 2389 1805 ὀργὴν

1093 1815 1190 1891 εἰς
1227 1812 1519 1909 ἀρθμὸν
1552 1813 1713 1904 ἐμοὶ
1747 1812 1869 1883 καὶ
1906 1810 2255 1909 φιλότητα

774 1953 777 1960 ·
1304 1914 1620 1988 σπεύδων
1657 1913 2037 1988 σπεύδοντί
2069 1916 2234 1988 ποθ’
2274 1916 2448 2013 ἥξει,

681 2032 753 2091 et
785 2043 854 2090 v.
889 2023 1059 2091 887.

990 2119 1034 2218 ἦ
1070 2122 1213 2221 μὴν
1249 2122 1351 2194 ἔτι
1389 2120 1598 2213 Ζεὺς,
1638 2121 1885 2219 καίπερ
1924 2121 2246 2219 αὐθάδης
2284 2124 2588 2219 φρενῶν,

992 2253 1195 2297 «Ἔσται
1223 2251 1580 2313 ταπεινθς,

682 2343 915 2401 tamen
972 2351 1212 2422 regem
1270 2330 1566 2400 deorum
1613 2351 1758 2400 non
1813 2330 2114 2400 decebat
2167 2330 2568 2423 suppliciter
2613 2329 3070 2422 demisseque

681 2451 903 2504 orare.
961 2433 1044 2501 Ei
1081 2433 1183 2503 rei
1216 2432 1495 2504 duobus
1531 2431 1758 2503 modis
1797 2443 2075 2504 cautum
2113 2445 2283 2518 erat,
2329 2454 2492 2518 un0‚
2533 2432 2724 2526 quod
2758 2433 3071 2527 Iuppiter

681 2537 835 2606 sine
871 2534 1121 2620 dubio,
1161 2545 1238 2607 ut
1271 2534 1343 2603 in
1381 2534 1794 2606 Prometheo
1835 2537 2105 2621 vineto,
2144 2558 2286 2608 non
2323 2538 2511 2631 ipse,
2551 2536 2679 2607 sed
2717 2557 2847 2630 per
2884 2538 3071 2608 Mer-

682 2640 949 2712 curium
989 2661 1104 2710 res
1141 2660 1305 2710 suas
1342 2639 1662 2732 gerebat.
1724 2660 1863 2732 quo
1916 2651 2236 2771 spectant
2282 2641 2458 2713 haec
2495 2641 2705 2712 verba
2741 2641 3069 2714 Mercurii

682 2768 741 2814 v.
785 2746 959 2814 930.

944 2880 965 2895 ν
1611 2849 1794 2943 μηδέ
1823 2873 1952 2938 μοι
1988 2850 2233 2925 διπλᾶς

1200 2949 1436 3038 ὁδοὺς,
1481 2953 1914 3047 Προμηθεῦ,
1956 2950 2373 3046 προςβάλῃς·

683 3055 934 3139 altero,
987 3055 1179 3147 quod
1231 3076 1373 3125 non
1421 3055 1722 3147 gratuito
1773 3054 2095 3125 liberavit
2144 3055 2665 3139 Prometheum,
2719 3054 2851 3126 sed
2904 3014 3071 3126 dato

681 3159 813 3229 sihi
842 3158 1172 3252 piamenti
1194 3160 1358 3229 loeo
1388 3158 1709 3242 Chirone,
1740 3159 1855 3250 qui
1886 3159 2064 3231 illius
2092 3159 2510 3230 solutionem
2537 3159 3071 3231 immortalitatis

681 3283 855 3332 suae
897 3263 1162 3334 iactura
1208 3263 1604 3333 redimeret.
1695 3262 1842 3333 Hoc
1892 3280 2173 3354 quoque
2223 3262 2604 3335 indicatum
2653 3272 2760 3332 est
2806 3283 2846 3332 a
2872 3264 3069 3334 Mer-

683 3365 876 3436 curio
915 3386 982 3433 v,
1023 3368 1242 3435 4006.

992 3468 1269 3538 τοιοῦδε
1306 3464 1593 3556 μόχθου
1629 3469 1858 3560 τέρμα
1892 3466 1991 3564 μή
2029 3492 2102 3538 τι
2124 3466 2515 3594 προςξῖόκα,

992 3594 1188 3690 aputu
1198 3570 1286 3640 ἂν
1319 3570 1515 3639 θεῶν
1548 3596 1659 3646 τις
1696 3571 2018 3659 διάδοχος
2055 3570 2198 3642 τῶν
2238 3573 2379 3642 σῶν
2415 3570 2653 3642 πόνων

998 3698 1218 3766 φανῃ,
1257 3668 1523 3768 θελήσῃ
1562 3674 1621 3741 τ’
1661 3674 1761 3750 εἰς
1798 3669 2200 3800 ἀναύγητον
2230 3681 2473 3765 μολεῖν

981 3776 1237 3872 ’Λιὸην
1273 3773 1572 3868 κνεφαῖά
1607 3776 1664 3844 τ’
1708 3775 1895 3868 ἀμφὶ
1931 3775 2292 3894 ταρτάρου
2327 3776 2552 3894 βάθη.

684 3883 838 3966 Quo
866 3882 1078 3953 modo
1106 3879 1284 3951 haec
1314 3890 1471 3949 acta
1500 3879 1637 3948 sint
1670 3880 1840 3949 latet
1869 3901 2021 3965 nos,
2058 3881 2191 3951 nisi
2227 3881 2418 3973 quod
2454 3882 2571 3951 vix
2605 3849 3075 3956 dubitandum

684 3985 963 4056 videtur
1010 3985 1179 4077 quin
1232 3983 1509 4053 Chironi
1556 3982 1904 4075 quaedam
1954 3994 2189 4077 partes
2245 3983 2451 4055 datae
2506 3986 2780 4057 fuerint.
2871 3988 2966 4057 At
3016 3988 3074 4058 is

684 4089 960 4159 saucius
1008 4087 1335 4158 iacebat
1316 4110 1386 4156 ιιι
1424 4098 1625 4157 antro
1664 4087 1959 4171 Peliaco,
2012 4098 2085 4159 ut
2119 4087 2586 4182 Apollodorus
2623 4093 2840 4161 refert
2878 4092 2956 4162 ΙΙ.
3000 4094 3072 4178 5,

690 4189 760 4273 4,
800 4193 869 4260 6.
913 4189 1205 4261 ἀνίατον
1255 4190 1429 4280 ἔχων
1472 4189 1559 4259 τὸ
1608 4194 1796 4268 ἕλκος
1849 4193 1945 4268 εἰς
1996 4190 2080 4262 τὸ
2132 4196 2474 4287 σπηλαιον
2515 4192 3068 4284 ἀπαλλάσσεται,

641 4334 650 4355 ι
684 4295 881 4364 κάκεῖ
910 4294 1191 4388 τελευτῇ
1198 4318 1316 4363 σαι
1359 4290 1786 4384 βουλόμενος
1820 4293 1936 4364 καὶ
1970 4322 2069 4391 μη
2107 4291 2538 4419 δυνάμεως,
2563 4295 2848 4417 &fimo
2885 4296 3077 4369 ἀθά-

683 4421 897 4473 νατος
946 4389 1062 4489 ἦν,
1120 4394 1534 4472 ἀντιδόντος
1588 4399 2038 4489 Προμηθέως
2092 4397 2220 4468 τὸν
2265 4397 2411 4468 ἀντ’
2453 4400 2678 4469 αὐτοῦ
2732 4398 3073 4496 τεθνηξό-

681 4525 898 4590 μενον
936 4493 1336 4586 ἀθάνατον,
1379 4498 1605 4575 οὕτως
1642 4500 1980 4572 ἀπεᾛθανε
2044 4501 2156 4570 Sic
2197 4511 2549 4593 postrema
2575 4504 2793 4576 verba
2830 4525 3078 4574 emen⁴

682 4602 878 4674 davit
928 4598 1336 4672 Welokerus
1390 4601 1458 4670 in
1515 4601 1811 4695 Trilogia
1857 4628 1923 4697 p.
1973 4603 2091 4674 48.
2197 4604 2352 4674 Non
2407 4616 2672 4698 pugnat
2722 4629 2881 4677 oum
2937 4606 3072 4692 his,
