3328 5326
1202 385 1584 447 HOMERUS.
2497 386 2570 449 2⁴

1617 508 1652 544 0

247 574 680 670 παραδίδωσι.
740 576 936 660 Quae
975 578 1190 648 verba
1214 575 1479 649 Alberti
1515 577 1607 648 ad
1641 577 2065 670 Hesychium
2100 582 2180 648 ut
2213 596 2307 647 ex
2339 576 2584 648 Photio

249 677 443 762 affert,
481 678 669 770 quod
719 679 1041 773 repetivit
1079 678 1663 752 Schneidewinus-
1696 680 1787 751 ad
1824 681 2107 773 Ibycum
2140 702 2206 773 p.
2245 680 2336 749 ⁴7
2346 683 2413 751 6.
2478 679 2582 750 De

245 780 522 851 Hesiodo
568 791 908 855 testantur
956 783 1162 853 etiam
1211 783 1627 881 scholiastae
1662 780 1755 854 ad
1789 784 1901 853 XI.
1937 783 2106 854 709.
2138 783 2370 853 XXIII.
2407 785 2575 855 638.

245 892 304 953 et
324 884 713 957 Eustathius
741 909 807 979 p.
843 888 1015 971 882,
1045 887 1163 959 26.
1203 888 1384 958 1324
1407 942 1423 972 ,
1457 884 1576 960 24.
1609 909 1705 957 ex
1737 886 1988 979 quibus
2016 885 2431 979 intelligitur,
2461 888 2580 978 qui

241 1006 277 1055 a
315 997 522 1058 matre
573 1010 829 1059 nomen
875 991 1233 1084 accepisse
1279 1000 1646 1082 negarent,
1702 989 1988 1060 finxisse
2037 999 2305 1082 patrem
2341 1010 2581 1061 eorum

243 1088 541 1160 Actorem
568 1093 704 1163 alio
733 1093 1013 1163 nomine
1042 1094 1299 1165 Molum
1329 1094 1543 1165 fuisse
1570 1094 2011 1188 appellatum.
2066 1093 2156 1162 At
2191 1092 2324 1163 hoc
2358 1113 2580 1184 aeque

241 1214 471 1265 vanum
499 1216 656 1266 esse
689 1206 761 1267 ut
787 1196 1072 1268 Hesiodi
1109 1197 1467 1268 inventum
1494 1198 1642 1291 ipse
1680 1205 1951 1291 poterat
1976 1196 2315 1267 Homerus
2346 1205 2581 1267 osten·
2597 1232 2649 1283 p.
2670 1224 2731 1269 ⁴³

241 1295 422 1382 dere,
473 1299 531 1368 si
581 1309 773 1369 recte
828 1299 919 1371 ad
971 1301 1120 1371 eius
1183 1301 1646 1371 narrationem
1710 1298 2185 1371 attendissent.
2296 1298 2580 1370 Dixerat

242 1400 401 1491 apud
450 1423 609 1473 eum
648 1401 897 1474 Nestor
950 1403 1041 1473 de
1087 1425 1212 1474 sua
1264 1415 1506 1475 contra
1541 1404 1750 1475 Eleos
1787 1400 2232 1496 expeditione
2268 1404 2576 1474 referens

928 1608 1109 1701 μετὰ
1143 1609 1223 1680 δέ
1254 1635 1381 1702 σφι
1416 1608 1738 1680 Μολίονε
1771 1606 2266 1705 θωρήσσοντο,

412 1712 605 1781 παῖδ’
646 1710 733 1780 ἔτ’
774 1708 980 1800 ἐόντ’,
1024 1711 1219 1785 οὔπω
1255 1708 1444 1802 μάλα
1480 1709 1703 1783 εἰδότε
1737 1707 2077 1808 θούριδος
2113 1712 2342 1806 ἀλκῆς.

244 1808 480 1883 Deinde
512 1834 581 1883 v.
619 1814 788 1884 738.

410 1917 687 2011 πρῶτος
722 1916 895 2007 ἐγὼν
930 1920 1085 1988 ἕλον
1121 1916 1371 2012 ἄνδρα,
1411 1914 1718 2006 κόμισσα
1754 1916 1826 1987 δὲ
1860 1913 2187 2007 μώνυχας
2225 1923 2503 2003 ἵππους,

408 2016 743 2089 Μούλιον
780 2017 1152 2115 αἰχμητήν·
1190 2018 1505 2114 γαμβρὸς
1541 2020 1605 2087 δ’
1642 2014 1730 2115 ἦν
1766 2017 2110 2108 Αὐγείαο,

411 2117 897 2218 πρεσβυτάτην
933 2121 1006 2191 δὲ
1039 2117 1329 2216 θύγατρ’
1370 2117 1506 2209 εἶχε
1541 2119 1812 2217 ξανθὴν
1836 2118 2265 2216 Ἀγαμήδην·

241 2223 438 2312 paullo
472 2233 632 2317 post
668 2234 896 2295 autem
934 2247 1004 2294 v.
1038 2224 1081 2295 7
1090 2227 1207 2294 50

412 2326 527 2396 καί
562 2325 645 2397 νύ
683 2354 796 2397 κεν
827 2325 1250 2450 Ἀκτορίωνε
1284 2324 1605 2395 Μολίονε
1638 2328 1832 2395 παῖδ’
1874 2321 2214 2416 ἀλάπαξα,

411 2431 475 2498 εἰ
503 2428 603 2524 μή
646 2456 834 2522 σφωε
862 2429 1092 2525 πατὴρ
1130 2426 1543 2550 εὐρυκρείων
1576 2427 2019 2516 Ἑνοσίχθων

415 2535 483 2602 ἐκ
517 2533 821 2622 πολέμου
858 2527 1142 2613 ἐσάωσε,
1188 2527 1497 2622 καλύψας
1530 2532 1678 2626 ἠέρι
1718 2531 1956 2624 πολλῇ.

238 2632 329 2703 Ex
351 2635 593 2727 quibus
621 2635 788 2706 satis
815 2635 1099 2727 planum
1125 2632 1416 2719 videtur,
1455 2642 1724 2727 patrem
1754 2634 2003 2705 horum
2030 2633 2574 2705 adolescentium

241 2738 424 2809 fuisse
451 2740 754 2822 Mulium,
784 2738 1065 2808 Actoris
1094 2736 1332 2821 filium,
1371 2738 1483 2808 cui
1520 2739 1733 2808 frater
1758 2739 2032 2808 Actoris
2059 2739 2336 2830 Augeas
2365 2736 2573 2808 filiam

238 2861 408 2910 suam
424 2841 829 2934 Agameden
856 2851 1145 2935 nuptum
1172 2840 1484 2911 dederat.
1544 2842 1780 2933 Itaque
1810 2842 1906 2910 illi
1927 2840 2248 2911 Μολίονε
2282 2863 2323 2912 a
2350 2851 2571 2934 patre,

234 2942 621 3040 Ἀκτορίωνε
659 2955 889 3016 autem
927 2946 1016 3014 ab
1054 2963 1178 3014 avo
1216 2944 1645 3014 dicebantur.
1724 2944 1942 3014 Nacta
1991 2953 2223 3013 tamen
2276 2946 2576 3015 auctori-

239 3054 423 3115 tatem
467 3058 573 3119 est
621 3048 968 3119 Hesiodea
1017 3047 1529 3140 interpretatio,
1587 3046 2032 3139 creditusque
2077 3047 2290 3116 Actor
2351 3057 2576 3139 pater,

237 3170 356 3218 non
392 3172 555 3223 avus
592 3153 824 3223 fuisse.
901 3151 1169 3221 Eadem
1205 3150 1591 3220 temeritate
1630 3150 1745 3219 ille
1782 3151 1900 3242 qui
1941 3149 2193 3219 dicitur
2228 3149 2573 3222 Hesiodus

239 3252 417 3322 etiam
458 3278 637 3347 quae
694 3256 761 3324 in
816 3255 1048 3324 XXIII.
1102 3256 1270 3324 638.
1320 3255 1640 3347 leguntur
1698 3264 1804 3323 est
1864 3254 2373 3346 interpretatus
2477 3254 2574 3323 Ibi

237 3352 458 3427 Nestor
507 3382 703 3431 suam
754 3360 824 3428 in
872 3357 1051 3429 ludis
1101 3357 1505 3428 funebribus
1542 3356 1956 3449 Amaryncei
1992 3357 2315 3426 virtutem
2371 3378 2576 3450 prae-

239 3455 449 3532 dicans
482 3464 576 3533 ita
612 3462 945 3555 loquitur:

411 3566 663 3637 οἴοισίν
697 3567 766 3656 μ’
810 3572 1082 3635 ἵπποισι
1117 3562 1524 3659 παρήλασαν
1554 3562 2000 3658 Ἀκτορίωνε,

356 3703 359 3704 ’
411 3667 661 3764 πλήθει
695 3666 970 3762 πρόσθε
1002 3663 1352 3759 βαλόντες,
1396 3661 1870 3757 ἀγασσάμενοι
1906 3665 2062 3760 περὶ
2098 3663 2317 3760 νίκης,

412 3771 658 3842 οὕνεκα
693 3772 773 3866 δή
813 3769 903 3841 τὰ
939 3771 1233 3860 μέγιστα
1268 3770 1424 3863 παρ’
1468 3765 1732 3860 α’ὐτόφι
1764 3766 2005 3838 λείπετ’
2047 3766 2284 3839 ἄεθλα.

411 3881 485 3944 οἳ
512 3876 573 3944 δ’
615 3873 718 3968 ἄρ’
760 3872 924 3944 ἔσαν
961 3871 1267 3963 δίδυμοι·
1310 3872 1349 3941 ὃ
1386 3870 1517 3961 μὲν
1553 3870 1851 3960 ἔμπεδον
1885 3867 2268 3966 ἡνιόχευεν,

411 3976 704 4068 ἔμπεδον
739 3972 1062 4071 ἦνιόχευ’”
1105 3976 1144 4044 ὃ
1184 3976 1245 4044 δ’
1288 3974 1427 4067 ἄρα
1461 3971 1752 4064 μάστιγι
1788 3974 2069 4043 κέλευεν.

240 4074 403 4157 Quae
437 4079 1014 4172 quisimpliciter,
1053 4078 1150 4149 uti
1188 4076 1375 4148 dicta
1411 4085 1591 4159 sunt,
1625 4075 2209 4170 interpretabitur,
2240 4074 2573 4168 intelliget

239 4197 307 4248 eo
349 4183 491 4253 illos
534 4184 789 4254 vicisse
840 4181 1013 4266 dici,
1068 4180 1292 4272 quod,
1344 4203 1555 4272 quum
1609 4180 1753 4250 duo
1801 4188 2070 4262 essent,
2122 4199 2261 4270 quo
2318 4179 2571 4251 certius

234 4282 489 4356 victoria
523 4287 931 4381 potirentur,
970 4284 1148 4354 alter
1183 4283 1659 4356 tantummodo
1690 4284 2002 4353 habenas
2038 4282 2359 4367 tenuerit,
2398 4283 2573 4353 alter

234 4402 424 4476 equos
475 4389 861 4460 incitaverit
915 4387 1223 4480 flagello:
1291 4389 1391 4458 sic
1452 4388 1636 4457 enim
1688 4407 1829 4455 non
1889 4385 2140 4456 mirum
2191 4394 2341 4455 erat
2391 4385 2569 4455 vinci

233 4484 596 4578 Nestorem,
649 4513 856 4584 quem
880 4487 1134 4562 solum
1187 4491 1255 4559 in
1308 4512 1514 4562 curru
1564 4499 1864 4560 stantem
1913 4489 2115 4559 simul
2161 4498 2235 4558 et
2286 4488 2569 4558 flectere

239 4607 426 4681 equos
460 4606 529 4665 et
563 4596 917 4667 stimulare
952 4615 1248 4665 necesse
1276 4604 1481 4665 esset.
1537 4594 1626 4664 At
1652 4592 2000 4664 Hesiodus
2025 4613 2204 4684 quos
2230 4591 2568 4661 Homerus
