3328 5326
1169 389 1649 455 AssscflYLUs.
2484 394 2508 454 ⁴
2523 394 2603 454 63

246 582 553 655 vehiculis
601 584 670 653 in
721 584 1091 678 proscenio
1142 584 1356 655 fuisse
1402 583 1795 678 putabatur.
1871 582 2090 668 Sane,
2129 583 2190 653 si
2225 583 2606 677 quidquam

244 687 506 758 istorum
537 687 1008 760 introductum
1046 696 1256 758 esset
1314 685 1406 757 At
1439 686 1512 758 id
1549 686 1663 757 vel
1699 705 1827 780 per
1857 707 1940 757 se
1977 687 2287 804 ineptum
2325 686 2600 759 fuisset:

243 812 378 861 nam
430 800 906 862 revertentem
954 812 996 864 a
1043 791 1244 861 Troia
1290 789 1912 884 Agamemuomem
1960 790 2118 883 quis
2169 811 2310 862 non
2362 791 2607 863 credat

244 895 685 966 antevertisse
713 894 978 966 tardius
1007 894 1451 965 incedentem
1477 894 1890 978 exercitum,
1920 915 2062 987 quo
2090 894 2292 965 citius
2320 894 2606 967 domum

241 1017 411 1069 suam
450 998 837 1069 reviseret?
918 998 1119 1082 Quid·
1152 998 1359 1091 igitur
1394 1018 1694 1068 necesse
1726 1006 1875 1067 erat
1911 1006 1990 1068 ut
2021 997 2417 1069 vehiculum
2456 998 2605 1070 eius

241 1101 293 1170 in
324 1100 685 1172 orchestra
735 1102 1174 1185 consisteret,
1212 1121 1425 1194 quum
1464 1099 2063 1194 nihil-impediret,
2101 1101 2270 1194 quin
2318 1102 2390 1172 in
2440 1123 2607 1196 pro-

239 1204 536 1278 scenium
564 1205 1082 1290 adveheretur?
1135 1204 1276 1276 Sed
1304 1205 1595 1276 contulit
1620 1203 1881 1297 aliquid
1918 1203 2010 1275 ad
2045 1203 2216 1276 illud
2244 1205 2606 1278 inventum

239 1308 453 1402 opinio
491 1329 757 1394 eorum,
796 1309 915 1402 qui
955 1330 1081 1402 per
1113 1307 1553 1381 orchestram
1588 1308 1750 1379 illuc
1787 1307 2227 1379 adscendere
2264 1308 2395 1379 sibi
2443 1329 2606 1404 per-

239 1422 590 1483 suaserunt
622 1433 772 1497 eOS,
812 1411 931 1505 qui
968 1434 1109 1484 non
1146 1434 1239 1483 ex
1277 1412 1569 1485 aedibus
1595 1413 1667 1481 in
1694 1410 2064 1506 proscenio
2092 1421 2381 1483 exeant:
2422 1434 2605 1505 quae

239 1516 452 1609 opinio
487 1538 706 1609 quum
740 1537 836 1586 ex
871 1516 1051 1588 male
1100 1516 1470 1588 intellectis
1520 1514 1942 1608 quibusdam
1990 1525 2355 1609 poetarum
2405 1517 2602 1600 lociS‚

239 1628 362 1689 tum
425 1640 524 1689 ex
577 1619 872 1691 Pollucis
938 1620 1403 1713 perversitate
1472 1629 1624 1690 orta
1677 1630 1825 1704 est,
1882 1619 2001 1711 qui
2053 1642 2268 1712 quum
2321 1619 2381 1713 §.
2428 1621 2598 1692 ⁴27.

241 1721 515 1793 dixisset
550 1744 847 1818 peregre
884 1723 1344 1796 advenientes
1382 1744 1475 1793 ex
1511 1723 1790 1793 sinistro
1827 1721 2019 1794 aditu
2067 1722 2384 1816 prodire,
2424 1723 2603 1794 haec

242 1825 522 1897 addidit:
573 1824 1002 1906 εἰςελθόντες
1045 1827 1118 1898 δὲ
1168 1825 1346 1897 κατὰ
1391 1852 1523 1922 την
1571 1822 1975 1922 ὀοχήστραν
2017 1826 2131 1897 ἐπι
2177 1825 2308 1923 τὴν
2347 1826 2606 1923 σκηνὴν

240 1929 687 2046 ἀναβαίνουσι
722 1929 839 2000 διὰ
873 1927 1265 2023 κλιμάκωνε
1313 1930 1383 1998 in
1420 1951 1561 2021 quo
1597 1929 1758 2000 loco
1794 1928 2061 2045 duplex
2095 1928 2376 2001 videtur
2410 1951 2605 2001 error

240 2054 402 2118 esse,
440 2033 666 2104 alter
649 2033 864 2159 ipsius
901 2033 1219 2118 PolluciS,
1259 2043 1335 2104 ut
1372 2032 1535 2103 alibi
1569 2032 1898 2117 indicavi,
1928 2033 2050 2125 qui
2085 2033 2224 2117 illa,
2253 2031 2605 2111 εἰςελθόν-

237 2163 333 2213 τες
366 2135 435 2207 δὲ
469 2139 571 2214 εἰς
604 2136 735 2232 τὴν
771 2135 1170 2233 ὀρχήστραν
1217 2133 1341 2229 (sic
1379 2136 1565 2206 enim
1601 2136 1886 2207 codices
1922 2135 2100 2206 haec
2137 2136 2397 2230 scripta
2435 2135 2605 2206 dare

240 2238 577 2310 Kuehnius
613 2249 685 2308 et
719 2240 1268 2332 Iungermannus
1300 2237 1666 2333 testantur)
1703 2240 1832 2309 illis
1868 2260 2052 2332 quae
2089 2239 2151 2333 §.
2189 2243 2356 2310 409.
2392 2261 2606 2333 posu-

239 2353 392 2428 erat,
429 2343 854 2436 subiungere
891 2344 1227 2428 debebat,
1266 2365 1565 2436 quorum
1601 2353 1956 2436 postrema
1992 2353 2155 2414 sunt
2191 2342 2336 2414 ἔσθ’
2379 2342 2497 2414 ὅτε
2531 2342 2606 2413 δὲ

238 2446 339 2515 καὶ
371 2448 528 2518 καθ’
568 2450 693 2517 ἕνα
729 2448 1103 2518 ἐποιοῦντο
1138 2447 1271 2543 τὴν
1305 2443 1652 2542 πάροδονε
1704 2446 1797 2519 ad
1838 2444 2129 2517 chorum
2166 2446 2353 2516 enim
2393 2446 2607 2540 perti-

240 2559 415 2619 nent:
456 2551 633 2621 alter
667 2571 864 2620 error
899 2551 1172 2621 scribae
1214 2550 1491 2621 videtur
1520 2571 1701 2635 esse,
1734 2550 1855 2643 qui
1882 2550 2191 2620 omiserit
2218 2549 2599 2642 quaedam:

239 2675 383 2724 nam
423 2653 630 2740 illud,
682 2652 796 2725 ἐπὶ
840 2653 972 2750 τὴν
1029 2653 1285 2751 σκηνὴν
1331 2652 1801 2746 ἀναβαίνουσι
1850 2652 1966 2724 διὰ
2018 2651 2407 2746 κλιμάκων,
2462 2676 2605 2725 non

242 2767 490 2850 poterat
534 2767 729 2829 recte
780 2757 882 2827 sic
936 2757 1340 2853 simpliciter
1385 2756 1476 2828 de
1514 2756 1732 2829 choro
1782 2757 1956 2842 dici,
2004 2757 2134 2827 sed
2179 2757 2272 2827 ita
2293 2766 2603 2843 -tantum,

245 2870 310 2930 ut
355 2861 762 2945 adderetur,
817 2861 877 2931 si
924 2883 1104 2954 quos
1155 2883 1250 2931 ex
1300 2861 1515 2932 choro
1563 2860 1827 2954 aliquid
1863 2861 1935 2930 in
1970 2862 2341 2953 proscenio
2394 2882 2606 2954 agere

245 2975 594 3058 oporteret,
636 2976 783 3039 tum
823 2986 948 3035 eos
985 2965 1150 3037 illuc
1186 2986 1315 3059 per
1350 2965 1612 3057 gradus
1649 2963 2120 3035 adscendere:
2162 2965 2284 3056 qui
2319 2964 2603 3057 gradus,

244 3077 308 3137 ut
335 3067 465 3140 hoc
498 3069 568 3143 in
604 3078 1011 3141 transcursu
1038 3067 1320 3153 addam,
1351 3080 2013 3152 nontransversum,
2043 3077 2121 3137 ut
2157 3067 2227 3136 in
2255 3066 2605 3160 Antigona

244 3170 541 3258 vidimus„
577 3172 668 3243 ab
704 3182 1001 3264 utroque
1036 3173 1277 3256 latere,
1308 3169 1437 3242 sed
1474 3181 1745 3241 rectum
1781 3192 1876 3241 ex
1911 3170 2275 3242 orchestra
2303 3170 2601 3242 adscen-

244 3294 378 3344 sum
403 3276 852 3370 praebebant,
883 3287 956 3347 ιιι
988 3296 1083 3345 ex
1108 3274 1453 3345 Athenaei
1482 3274 1874 3346 mechanici
1900 3273 2138 3344 verbis
2177 3274 2602 3368 picturisque

244 3397 540 3451 vasorum
603 3379 1022 3472 intelligitur.
1115 3381 1258 3450 Iam
1322 3400 1529 3471 ergo,
1603 3378 1663 3449 si
1734 3380 1890 3471 quis
1953 3378 2331 3449 ostendere
2383 3379 2597 3464 volet,

244 3482 639 3567 vehiculum,
694 3483 765 3553 in
818 3504 959 3575 quo
1012 3481 1446 3576 Agamemno
1501 3491 1572 3552 et
1625 3481 2017 3553 Cassandra
2094 3481 2474 3567 sedebant,
2532 3483 2603 3552 in

244 3585 643 3658 orchestram
679 3608 838 3657 esse
876 3586 1266 3671 advectum,
1306 3586 1787 3658 demonstrare
1825 3585 2142 3671 debebit,
2182 3588 2376 3657 iuxta
2418 3586 2603 3679 peri-

246 3698 437 3776 actos,
465 3712 649 3783 quae
675 3711 841 3776 non,
880 3700 959 3761 ut
991 3690 1276 3783 quidam
1304 3690 1804 3761 absurdissime
1831 3689 2304 3774 crediderunt,
2338 3691 2601 3760 frontes

247 3809 386 3863 suas
431 3794 678 3865 eadem
727 3795 798 3863 in
853 3794 1038 3864 linea
1089 3816 1251 3865 cum
1288 3793 1582 3865 aedibus
1618 3795 1691 3864 in
1728 3815 1942 3864 scena
1995 3793 2423 3886 conspicuiS,
2471 3791 2601 3862 sed

247 3905 387 3966 ante
418 3899 713 3969 frontem
749 3919 1009 3969 scenae
1037 3898 1359 3990 obliquas
1397 3897 1910 3991 spectatoribus
1939 3894 2427 3983 ostendebant,
2456 3917 2601 3967 non

250 3999 393 4070 satis
442 4002 643 4095 spatii
707 4001 1033 4073 iumentis
1085 4012 1157 4073 et
1208 4001 1529 4073 vehiculo
1583 4000 1674 4072 ad
1725 3999 2266 4095 ingrediendum
2315 4002 2386 4070 in
2437 4021 2602 4095 pro-

251 4103 533 4175 scenium
581 4106 822 4178 fuisse.
909 4104 1119 4199 Atqui
1174 4127 1259 4176 ea
1308 4107 1532 4199 spatia
1585 4106 1911 4197 utrinque
1973 4104 2313 4197 praebent
2369 4104 2601 4177 aditus

254 4221 379 4288 eoS,
413 4211 524 4300 qui
559 4214 636 4280 αἱ
670 4209 816 4280 ἄνω
850 4205 1159 4305 πάροδοι
1192 4209 1647 4293 vocabantur,
1686 4228 1866 4301 quos
1901 4229 2041 4279 non
2079 4217 2191 4278 est
2223 4209 2602 4279 verisimile

256 4312 379 4376 tam
420 4322 738 4405 angustos
790 4313 1039 4398 fuisse,
1094 4322 1169 4385 ut
1216 4313 1335 4384 uni
1386 4321 1654 4385 tantum
1708 4311 1966 4383 homini
2020 4311 2334 4383 accessio
2383 4322 2594 4395 esset,

262 4406 563 4501 Siquidem
609 4434 824 4511 saepe
870 4419 1079 4487 etiam
1128 4417 1386 4510 plureS,
1435 4416 1621 4509 iique
1672 4414 1932 4508 aliquid
1985 4424 2368 4509 portanteS,
2418 4425 2494 4486 ut
2538 4416 2596 4483 si

266 4510 648 4590 afferendum
683 4522 795 4591 vel
832 4519 1264 4592 efferendum
1318 4540 1573 4614 corpus
1616 4519 1872 4590 mortui
1903 4528 2132 4604 esset,
2173 4540 2300 4612 per
2335 4539 2458 4588 eos
2496 4519 2624 4585 ire

268 4632 518 4692 necesse
567 4633 737 4695 erat.
844 4623 1056 4708 Quod
1109 4626 1167 4695 si
1218 4623 1386 4694 nihil
1442 4643 1737 4695 caussae
1787 4633 1935 4693 erat
1971 4646 2116 4694 cur
2162 4620 2622 4716 Agamemno

2085 4742 2182 4811 L2
