3328 5326
241 1302 1317 1416 RETRAOTATIONES
1396 1300 2338 1414 ADNOTATORUM
2406 1301 2584 1414 AD

531 1473 1195 1588 SOPHOCLIS
1263 1472 2258 1587 PHILOCTETAMJ)
2491 1547 2500 1552 -

1242 1751 1549 1766 *cn—1
1610 1747 1615 1754 '

419 1929 646 2013 Quum
686 1929 1051 2023 Sophoclis
1088 1925 1536 2000 Philoctetam
1578 1927 1830 1999 iterum
1878 1926 2195 2011 ederem,
2234 1924 2384 1997 fleri
2435 1945 2579 1998 non
2595 1944 2703 2004 Μ’

244 2030 436 2121 potuit
468 2033 659 2124 quin,
697 2033 887 2103 brevi
925 2032 1013 2104 ad
1050 2052 1204 2102 eam
1242 2051 1528 2124 operam
1555 2039 1870 2122 tempore
1895 2050 2262 2114 concesse,
2299 2030 2433 2100 alia
2467 2051 2580 2101 me

244 2133 382 2205 vitia
418 2136 743 2221 laterent,
783 2135 914 2207 alia
951 2136 1177 2206 minus
1215 2135 1507 2205 feliciter
1540 2133 1890 2214 tollerem,
1941 2132 2314 2226 aliquando
2350 2143 2580 2205 autem

243 2238 419 2307 etiam
449 2262 633 2331 quae
668 2260 835 2310 sana
874 2250 1033 2310 sunt
1071 2259 1196 2332 pro
1233 2235 1572 2330 corruptis
1609 2235 1961 2308 haberem.
2019 2237 2124 2307 Ea
2150 2237 2377 2329 igitur,
2391 2257 2581 2329 quo-

242 2340 398 2411 niam
433 2344 740 2414 muneris
775 2341 1080 2413 officium
1118 2341 1378 2434 aliquid
1406 2362 1447 2411 a
1475 2362 1588 2411 me
1615 2340 1825 2410 scribi
1853 2341 2176 2454 postulat,
2208 2351 2584 2410 retractare

241 2452 420 2535 atque
457 2447 811 2539 corrigere
850 2448 1030 2516 vol0.
1466 2479 1475 2486 ·
2261 2489 2274 2498 -

420 2549 653 2621 Ulixes
692 2559 1057 2643 postquam
1095 2550 1229 2620 loci
1264 2557 1581 2619 naturam
1617 2547 2017 2640 desciipsit,
2070 2545 2140 2616 in
2192 2567 2332 2639 quo
2385 2546 2584 2618 habi-

244 2660 396 2722 taret
421 2651 858 2738 PhilocteteS,
888 2652 1421 2748 Neoptolemum
1446 2650 1791 2723 accedere
1827 2651 1986 2723 illuc
2024 2650 2220 2722 iubet
2242 2661 2313 2722 et
2340 2650 2581 2723 videre

240 2752 437 2826 sintne
473 2779 557 2829 ea
596 2779 779 2850 quae
815 2757 1246 2828 enumeravit
1282 2756 1415 2827 isto
1451 2756 1524 2826 in
1560 2757 1734 2840 loco,
1775 2776 1863 2825 an
1898 2775 2042 2825 non
2080 2755 2235 2825 sint.
2318 2753 2395 2825 Id
2430 2757 2584 2848 qui-

241 2856 350 2929 bus
382 2858 613 2932 verbis
648 2860 837 2945 dicit,
879 2880 964 2930 ea
1001 2861 1069 2929 in
1107 2860 1299 2932 libris
1332 2859 1434 2930 sic
1470 2860 1727 2952 scripta
1765 2852 2090 2951 leguntur
2122 2854 2341 2930 vsffiffi.
2375 2858 2421 2927 δι’
2455 2882 2583 2949 μοι

241 2965 616 3054 προςελθών
669 2970 826 3054 σῖγα
876 2958 1150 3058 σήμαιν’
1191 2964 1307 3033 εἴτ’
1349 2961 1485 3050 ἔχει
1517 2963 1749 3056 χῶρον
1789 2960 1965 3056 πρὸς
2001 2959 2220 3030 αὐτὸν
2254 2958 2455 3030 τόνδε
2490 2963 2578 3050 γ’,

241 3064 338 3132 εἴτ’
366 3065 521 3161 ἄλλῃ
551 3073 748 3161 κυρεῖ
753 3120 771 3137 .
831 3065 1003 3137 Illud
1031 3065 1165 3154 ἔχει
1193 3065 1542 3158 glossator
1577 3064 2070 3156 interpretatus
2104 3071 2215 3133 est
2247 3069 2575 3132 κατοικεῖ.

241 3164 316 3235 At
361 3178 490 3239 tam
537 3171 845 3241 insolens
896 3179 1005 3239 est
1046 3169 1181 3239 ista
1231 3167 1523 3250 locutio,
1570 3167 1724 3255 ἔχει·
1768 3164 1943 3261 πρὸς
1992 3166 2260 3261 χῶρον,
2313 3173 2392 3236 ut
2437 3186 2582 3236 non

241 3267 524 3344 videatur
572 3272 864 3347 ferenda
916 3293 1095 3344 esse.
1180 3271 1424 3363 Neque
1460 3289 1632 3341 vero
1672 3269 1997 3362 coniungi
2044 3278 2339 3362 possunt
2372 3292 2582 3363 προς-

247 3374 449 3445 eaeor
480 3378 714 3473 χῶρον
742 3375 919 3469 πρὸς
943 3372 1163 3447 αὐτὸν
1190 3372 1394 3446 τόνδε
1416 3392 1525 3464 ys,
1552 3392 1738 3465 quae
1764 3373 1983 3443 verba
2011 3372 2069 3447 si
2098 3371 2583 3465 coniungenda

242 3488 471 3563 essent,
508 3501 653 3550 non
690 3479 1044 3550 debebant
1081 3479 1233 3553 alia
1275 3498 1457 3571 quae
1494 3497 1736 3549 eorum
1766 3476 2327 3549 coniunctionem
2365 3478 2584 3569 impe-

245 3575 482 3667 dirent,
533 3583 895 3699 interponi.
982 3583 1207 3653 Latuit
1253 3581 1456 3652 unius
1506 3581 1779 3715 litterae
1817 3581 1981 3651 levis
2017 3580 2400 3673 corruptiO,
2448 3599 2583 3670 qua

245 3682 485 3755 sublata
521 3686 902 3758 restituitur
936 3687 1170 3757 verbis
1207 3706 1374 3756 suus
1409 3684 1637 3754 nitor:
2153 3714 2158 3723 ·

360 3812 365 3817 ·
576 3791 622 3859 ἅ
639 3810 787 3912 ⁸:mn
821 3782 1227 3883 προςελθῶν
1265 3793 1425 3877 σῖγα
1463 3778 1755 3884 σήμαιν
1751 3837 1773 3876 ,
1817 3788 1932 3857 εἴτ’
1973 3784 2114 3857 ἐκεῖ

572 3892 802 3986 χῶρον
838 3889 1013 3987 πρὸς
1048 3891 1267 3963 αὐτὸν
1302 3887 1509 3962 τόνδε
1538 3892 1624 3980 γ’,
1678 3891 1814 3959 εἴτ’
1831 3889 2001 3983 ἄλλη
2041 3891 2255 3987 κυρεῖ.

247 3989 433 4064 Simul
484 4006 675 4119 patet
724 4014 866 4065 non
919 4015 1095 4089 opus
1144 3992 1361 4066 fuisse
1420 4003 1499 4065 ut
1544 3993 1948 4129 Elmsleins
1941 3991 2312 4123 scriberet
2355 3990 2590 4086 χῶρον

246 4093 399 4187 πρὸς
432 4096 647 4169 αὑτὸν
682 4094 876 4168 τόνδ’
916 4096 1032 4167 ἔτ’.
1076 4118 1107 4137 ··

82 4250 83 4257 1
428 4199 650 4271 Choro
685 4200 1046 4294 quaerenti
1082 4200 1249 4292 quid
1287 4218 1365 4271 se
1402 4202 1638 4270 facere
1671 4142 1862 4269 velit
1877 4148 2406 4305 NeoptolemuS,
2446 4206 2586 4267 tam
2668 4196 2672 4203 ’

80 4312 83 4433 ἱ
249 4304 745 4375 accommodate
780 4304 893 4374 ille
930 4326 997 4374 v.
1035 4301 1204 4373 ⁴44.
1240 4303 1633 4396 respondet
1664 4318 1794 4373 sex
1829 4310 2170 4372 versuum
2196 4301 2588 4401 anapaesti*-

82 4448 83 4497 χ
251 4421 465 4475 corum
502 4417 895 4499 systemate,
933 4417 1008 4476 ut
1042 4406 1229 4478 nulla
1267 4419 1599 4499 appareat
1635 4405 1944 4539 suspicio
1978 4404 2164 4474 vitii.
2207 4404 2296 4474 At
2337 4404 2581 4475 mirum

396 4606 452 4685 *)
485 4609 660 4673 Edita
691 4620 787 4673 est
814 4629 868 4670 a.
908 4612 1092 4672 ⁴84⁴.
