3328 5326
1188 375 1594 441 PINDARUS.
2501 386 2580 446 69

233 567 494 637 Nemeis
527 577 916 639 coronatus.
975 569 1039 638 Is
1075 567 1287 640 filium
1322 568 1568 641 habuit
1603 571 1788 643 nulla
1812 570 2246 644 nobilitatum
2274 573 2582 661 victoria,

224 693 416 762 quem
453 670 864 742 scholiastes
903 671 1258 743 Theonem
1294 683 1535 745 vocat:
1581 675 1701 766 qui
1737 684 1969 745 tamen
2006 698 2217 767 quum
2255 675 2348 747 de
2382 676 2585 749 huius

227 772 352 844 filio
405 773 622 845 addat
666 774 842 846 hoc:
878 776 1139 847 τοῦτον
1174 775 1302 847 τὸν
1331 776 1748 868 Ἀλκιμέδων
1784 776 2346 873 ἀναγράφεσθαί,
2370 806 2586 875 φησιν

221 873 728 973 Ἀσκληπιάδης
795 877 956 948 ἀντὶ
1003 875 1403 974 Αἰγινήτου
1483 880 1760 959 οὕτως,
1815 881 2234 973 ’Λλκιμίδας
2310 884 2587 961 Θέωνος

225 977 444 1076 Κρής,
489 981 825 1074 suspicari
863 982 1025 1051 licet
1052 981 1396 1064 diversum
1434 1002 1474 1052 a
1510 993 1769 1076 nepote
1795 984 2344 1059 Praxidamantis
2373 984 2589 1056 fuisse

224 1082 616 1154 Cretensem
651 1085 842 1156 illum
879 1084 1179 1156 Theonis
1226 1085 1442 1156 fllium
1479 1085 1924 1173 Alcimidam,
1964 1088 2057 1159 ita
2094 1098 2171 1159 ut
2204 1088 2588 1181 Aeginetae

223 1197 406 1280 pater
444 1187 635 1280 quod
671 1210 926 1258 nomen
973 1189 1292 1260 hahuerit
1341 1190 1679 1261 incertum
1718 1191 2056 1262 videatur.
2135 1192 2268 1276 Qui
2312 1203 2590 1285 praeter

223 1290 339 1362 hos
376 1313 417 1361 a
456 1292 752 1362 Pindaro
792 1293 1313 1364 commemorati
1359 1303 1549 1378 sunt,
1605 1293 1852 1365 Callias
1890 1304 1961 1365 et
1998 1294 2443 1381 CreontidaS,
2498 1297 2587 1367 de

222 1395 294 1464 iis
328 1395 497 1464 nihil
536 1405 967 1489 compertum
1005 1397 1217 1468 fuisse
1254 1396 1645 1467 scholiastis
1684 1420 1768 1469 eo
1810 1409 2133 1492 apparet,
2172 1398 2360 1491 quod
2411 1400 2589 1470 haec

223 1499 413 1569 unius
450 1499 734 1570 nomina
771 1518 927 1569 esse
963 1510 1314 1592 putarunt,
1357 1500 1635 1571 Calliam
1674 1503 1802 1571 rati
1832 1502 2144 1573 Creontis
2174 1501 2386 1581 filium
2425 1502 2582 1573 dici.

226 1601 603 1695 Utrumque
655 1625 749 1672 ex
800 1603 1105 1674 Bassidis
1171 1605 1380 1675 fuisse
1444 1605 1593 1697 ipsa
1646 1602 1919 1676 Pindari
1980 1606 2189 1676 verba
2254 1604 2583 1678 indicant.

225 1704 507 1777 Puerum
548 1705 1030 1799 Polytimidam
1079 1708 1489 1778 scholiastae
1535 1709 1944 1780 familiarem
1994 1710 2379 1793 Alcimidae
2430 1732 2588 1781 esse

223 1810 491 1894 volunt,
548 1831 728 1900 quae
781 1811 1127 1881 confessio
1180 1822 1285 1882 est
1334 1812 1792 1884 nescientium
1846 1816 2148 1884 fraterne
2204 1835 2292 1884 an
2344 1813 2587 1906 aliquis

223 1914 639 2005 propinquus
690 1914 915 1984 fuerit.
991 1913 1286 1985 Accedit
1331 1914 1809 1986 his‘Melesiae
1860 1918 2155 2001 menti0,
2197 1918 2363 1987 clari
2401 1917 2587 2012 apud
2605 1939 2705 2002 ps

224 2014 586 2108 Aeginetas
658 2017 885 2088 luctae
947 2018 1292 2110 magistri,
1368 2019 1624 2090 laudati
1688 2020 1895 2089 etiam
1958 2020 2223 2113 Olymp.
2285 2021 2447 2090 VIII.
2516 2030 2588 2091 et

223 2118 401 2189 Nem.
446 2120 557 2192 IV.
597 2119 715 2211 qui
766 2120 894 2190 hos
930 2143 1209 2214 quoque
1258 2143 1513 2215 pueros
1562 2131 1998 2194 exercuerat.
2064 2124 2184 2217 His
2234 2123 2444 2219 rebus
2492 2124 2588 2193 ita

228 2245 375 2294 usus
414 2233 524 2293 est
561 2223 918 2308 PindaruS,
956 2234 1031 2296 ut
1068 2225 1336 2296 diceret
1372 2247 1810 2298 communem
1849 2226 2130 2317 quidem
2167 2248 2323 2296 esse
2359 2226 2622 2296 homi-'

226 2347 372 2397 num
411 2336 483 2396 et
519 2327 813 2398 deorum
863 2328 1232 2421 originem,
1286 2329 1414 2400 sed
1465 2351 1551 2399 eo
1601 2329 2032 2414 discrimine,
2086 2339 2162 2400 ut
2211 2330 2449 2422 fragile
2500 2331 2586 2401 sit

225 2428 567 2501 hominum
632 2453 888 2523 genuS,
959 2433 1362 2503 caelestium
1429 2441 1663 2505 autem
1725 2433 1975 2505 eadem
2026 2454 2305 2526 semper
2358 2433 2466 2502 vis
2519 2443 2590 2504 et

226 2544 455 2606 natura
485 2544 787 2619 constet3
828 2557 1073 2606 verum
1098 2546 1332 2606 tamen
1358 2535 1739 2621 hominum,
1770 2537 2086 2628 quamvis
2125 2537 2215 2607 ad
2251 2537 2589 2607 incertam

227 2635 395 2709 vitae
431 2647 691 2709 metam
728 2640 1285 2732 properantium,
1324 2639 1626 2732 aliquam
1664 2642 1855 2711 cerni
1893 2661 2050 2711 cum
2098 2638 2230 2710 diis
2277 2640 2592 2723 similitu,-

228 2739 466 2812 dinem.
557 2742 991 2814 Documento
1055 2766 1212 2814 esse
1264 2743 1712 2814 Alcimidam:
1768 2765 1930 2813 nam
1981 2754 2057 2814 ut
2109 2745 2254 2836 agri
2306 2745 2589 2815 alternis

230 2846 689 2937 requiescant,
739 2847 839 2916 sic
889 2847 1171 2918 alternis
1223 2847 1572 2917 vincendo
1628 2848 2034 2919 inclaruisse
2080 2857 2361 2940 gentem
2414 2847 2610 2934 eiuS,

233 2969 426 3038 quum
480 2950 630 3044 ipse
684 2972 889 3021 avum
937 2950 1543 3021 Praxidamantem
1597 2952 1985 3022 aemulatus
2035 2951 2155 3036 sit,
2205 2950 2319 3020 hic
2356 2962 2590 3022 autem

233 3070 414 3122 suum
462 3076 672 3125 avum
725 3053 1303 3146 Hagesimachum
1327 3108 1344 3138 ,
1405 3076 1701 3146 quorum
1758 3065 1993 3147 patres
2054 3054 2433 3123 manserint
2483 3055 2590 3123 in-

234 3154 431 3244 glorii.
490 3157 759 3227 Nullam
787 3168 1018 3228 autem
1041 3157 1374 3227 Graeciae
1401 3167 1680 3249 gentem
1714 3168 1816 3227 tot
1844 3156 2215 3250 splendere
2244 3156 2582 3242 victoriis3

237 3259 601 3330 celebratas
651 3282 771 3330 eas
823 3283 980 3331 esse
1039 3261 1342 3353 priorum
1411 3271 1799 3353 temporum
1852 3260 2272 3332 carminibus
2318 3269 2389 3330 et
2439 3283 2590 3331 ser-

237 3364 554 3449 monibuS,
593 3366 785 3457 larga
822 3374 1234 3457 suppetente
1271 3365 1588 3435 materia:
1629 3386 1791 3434 nam
1829 3376 1897 3435 et
1927 3364 2206 3434 Calliam
2234 3364 2302 3433 in
2331 3364 2588 3457 Pythiis

239 3473 299 3533 et
355 3466 790 3539 Creontidam
854 3468 923 3536 in
985 3468 1278 3538 Isthmiis
1341 3479 1412 3538 et
1473 3469 1752 3539 Nemeis
1816 3468 2099 3552 vicisse,
2165 3468 2586 3560 omninoque

240 3570 513 3661 amplam
560 3571 784 3643 laudis
821 3572 1003 3641 viam
1042 3582 1283 3663 patere
1321 3572 1587 3642 insulae
1624 3593 1750 3664 per
1784 3570 2166 3656 Aea-cidaS,
2208 3593 2300 3641 ex
2336 3572 2588 3663 quibus

239 3668 513 3745 Achilles
565 3675 954 3745 Memnonis
1025 3675 1245 3746 caede
1312 3675 1635 3745 afflixerit
1686 3675 2088 3769 Aethiopes.
2157 3674 2342 3744 -Sed
2408 3674 2585 3744 haee

241 3775 493 3862 quidem
545 3779 632 3849 ab
687 3778 983 3871 antiquis
1036 3801 1192 3849 esse
1247 3780 1471 3872 poetis
1527 3787 1836 3863 cantata;
1901 3801 1978 3849 se
2042 3786 2400 3848 recentem
2445 3777 2588 3846 vic-

241 3879 461 3949 toriam
529 3878 799 3967 dicere,
856 3904 1035 3973 quae
1105 3905 1232 3977 per
1282 3880 1695 3953 Alcimidam
1751 3883 1940 3975 genti
1991 3882 2142 3953 eius
2215 3880 2453 3971 quinta
2517 3889 2587 3950 et

241 3979 542 4056 vicesima
580 3986 932 4078 obtigerit,
971 4009 1113 4057 non
1153 3983 1530 4059 admissum
1567 3986 1848 4078 quidem
1886 3986 2106 4069 illum,
2145 3992 2220 4055 ut
2255 4004 2346 4053 ne
2383 3984 2589 4077 Poly-

243 4080 521 4157 timidam
557 4090 861 4180 quidem,
893 4090 1272 4182 Olympiae,
1312 4090 1436 4161 sed
1476 4100 1713 4160 tamen
1747 4090 1977 4182 paullo
2016 4097 2174 4182 post
2208 4087 2278 4157 in
2307 4086 2588 4158 Nemeis

242 4183 540 4260 victorem
568 4215 694 4286 per
722 4193 1153 4286 disciplinam
1182 4194 1530 4264 Melesiae.
1579 4193 1804 4263 Verba
1834 4192 2155 4263 carminis
2185 4191 2361 4260 haec
2391 4201 2583 4261 sunt:

371 4290 495 4362 Ἓν
531 4296 831 4390 ἀνδρῶν,
872 4298 947 4367 ἓν
983 4297 1173 4367 θεῶν
1207 4297 1428 4385 γένος·
1473 4301 1543 4368 ἐκ
1580 4297 1751 4387 μιᾶς
1789 4296 1858 4366 δὲ
1894 4293 2212 4387 πνέομεν
2341 4320 2491 4389 στρ.
2514 4290 2581 4364 οἱ.

386 4397 638 4492 ματρὸς
675 4396 1097 4494 ἀμφότεροι·
1143 4397 1417 4493 διείργει
1457 4400 1528 4470 δὲ
1563 4402 1757 4470 πᾶσα
1795 4401 2161 4494 κεκριμένα

386 4494 689 4592 δύναμις·
734 4504 825 4580 ὥς
860 4501 943 4573 τὸ
980 4503 1110 4594 μὲν
1148 4502 1377 4590 οὐδέν,
1413 4504 1452 4571 ὁ
1482 4503 1554 4573 δὲ
1588 4498 1873 4592 χάλκεος
1908 4502 2216 4594 ’ἀσφαλὲς
2252 4500 2399 4573 αἰὲν
2437 4501 2588 4576 ἕδος

388 4601 561 4686 με’νεί
596 4602 922 4700 οὐρανός
967 4602 1141 4677 ἀλλά
1177 4633 1250 4676 τι
1284 4608 1774 4701 προςφέρομεν
1813 4606 2042 4697 ἔμπαν
