3328 5326
535 2578 646 2641 μθ

662 399 797 466 366
1684 398 2019 463 annus.

673 604 965 690 peccato
1001 593 1273 676 vitiosa,
1314 613 1608 683 quorum
1645 593 1975 677 alterum,
2027 592 2216 685 quod
2268 604 2376 664 est
2425 593 2496 662 in
2532 593 2848 687 optativo
2885 577 3048 664 con-

669 698 961 770 iunctivi
1024 698 1253 768 vicem
1315 706 1600 767 tenente
1653 696 1797 766 tolli
1845 717 1986 766 non
2033 706 2296 789 potest3
2362 697 2690 782 alterum,
2745 698 2936 790 quod
2983 699 3050 768 in

665 802 931 873 omissa
967 800 1057 870 ἂν
1094 800 1431 892 particula
1467 809 1597 883 est,
1639 799 2144 871 removendum
2178 800 2272 870 sit
2304 821 2529 871 necne
2559 801 2851 873 iudicari
2888 823 3051 895 pos-

669 915 803 989 set,
843 904 903 975 si
936 901 1358 974 haberemus
1392 924 1573 995 quae
1624 914 2174 995 praecesserunt.
2258 903 2436 974 Nam
2488 904 2618 974 etsi
2667 925 2901 975 rarum
2950 916 3056 976 est

670 1008 761 1079 οὔ
797 1033 870 1078 κε
906 1029 1031 1099 pro
1068 1007 1195 1077 οὐκ
1232 1005 1348 1095 ἄν,
1406 1007 1745 1076 invenitur
1797 1018 2064 1091 tamen,
2120 1017 2192 1078 ut
2228 1006 2414 1100 apud
2450 995 2737 1078 Aratu'm
2773 1031 2842 1079 v.
2882 1007 3050 1080 460.

672 1111 793 1182 ubi
845 1132 1059 1203 quum
1109 1110 1425 1203 plerique
1476 1110 1632 1180 libri
1692 1111 1927 1181 οὐδέτι
1978 1111 2091 1180 vel
2142 1112 2377 1181 οὐκέτι
2425 1110 2765 1197 habeant,
2823 1112 3059 1183 codex

672 1214 1090 1286 Barberinus
1138 1211 1225 1307 (v.
1260 1212 1669 1284 Grauertum
1697 1211 1772 1284 in
1801 1214 2044 1284 Museo
2076 1214 2290 1284 Rhea.
2328 1215 2548 1288 4827.
2583 1216 2629 1285 1.
2668 1213 2734 1288 4,
2767 1240 2836 1310 p.
2875 1214 3052 1310 344)

663 1327 744 1387 et
779 1317 1187 1389 scholiastes
1225 1318 1565 1410 praebent
1599 1316 1689 1387 οὔ
1722 1319 1773 1386 κ’
1816 1316 1943 1387 ἔτι.
2012 1317 2519 1410 Reponendum
2555 1340 2684 1413 pro
2723 1318 2853 1390 οὐκ
2890 1341 3060 1390 cen·-

666 1418 875 1491 sehat
937 1420 1356 1491 Schaeferus
1420 1422 1491 1490 in
1556 1418 2023 1514 Apollonidae
2086 1422 2584 1515 epigrammate
2650 1424 2718 1493 3.
2769 1422 2864 1493 de
2916 1445 3058 1516 quo

666 1525 817 1595 dixi
858 1525 927 1593 in
964 1523 1219 1617 Opusc.
1253 1525 1392 1595 vol.
1425 1524 1531 1596 IV.
1565 1547 1630 1617 p.
1666 1523 1838 1594 370.

980 1630 1047 1698 εἰ
1077 1625 1347 1704 τοιόςὸε
1381 1630 1592 1699 Λέων
1626 1624 1830 1716 λάχεν
1868 1624 2111 1705 ἀντίος
2141 1628 2507 1725 Ἡρακλῆϊ,

1083 1730 1171 1800 οὔ
1208 1729 1258 1799 κ’
1297 1725 1387 1826 ἦν
1419 1729 1781 1801 Ἀλκείδεω
1817 1729 2037 1800 τοῦτο
2074 1730 2158 1801 τὸ
2197 1732 2614 1803 δωδέκατον.

663 1833 1148 1906 Aristarchum
1187 1833 1271 1903 οὔ
1306 1857 1420 1906 κεν
1458 1845 1530 1903 et
1567 1835 1695 1904 οὐκ
1729 1832 1846 1922 ἂν,
1896 1834 2125 1926 prouti
2163 1835 2275 1905 vel
2314 1859 2361 1904 α
2392 1836 2510 1905 vel
2545 1862 2579 1906 ε
2610 1847 3055 1929 sequeretur,

667 1939 1006 2032 probasse
1034 1958 1127 2007 ex
1153 1936 1438 2008 scholiis
1463 1937 1560 2008 ad
1589 1936 1780 2008 Iliad.
1811 1937 1951 2007 ΧΠ.
1992 1936 2161 2009 465.
2182 1938 2351 2007 Xffl.
2376 1940 2549 2012 289.
2583 1942 3057 2033 cognoscitur.

667 2043 783 2112 Sic
820 2042 992 2111 XIV.
1026 2044 1146 2112 94.
1180 2041 1458 2132 legitur:

874 2146 1147 2236 μῦθον,
1174 2145 1262 2214 ἂν
1281 2144 1371 2214 οὔ
1399 2169 1512 2216 κεν
1541 2140 1720 2239 ωηο
1749 2170 1821 2233 γε
1850 2142 1971 2214 διὰ
1988 2140 2222 2236 στόμα
2242 2142 2542 2237 πάμπαν
2569 2145 2844 2236 ἄγοιτο.

667 2249 807 2318 Iam
844 2248 1074 2341 igitur,
1111 2247 1417 2322 indicata
1455 2250 1738 2331 lacuna,
1787 2256 1860 2317 et
1912 2247 2096 2318 istud
2147 2250 2571 2340 αἰθομένοιο
2625 2250 3064 2325 vindicatum

663 2362 776 2423 est
807 2361 882 2422 et
918 2352 1252 2422 liberatus
1288 2350 1749 2422 Callimachus
1785 2351 1982 2443 gravi
2016 2351 2456 2424 soloecismo.
2513 2352 3061 2448 Exspectandus

666 2475 853 2526 nunc
891 2453 1516 2546 aliquisMusuruS,
1555 2454 1677 2545 qui
1715 2456 1993 2547 expleat
2027 2475 2207 2546 quae
2243 2455 2675 2527 interierunt.

873 2555 1129 2630 Verum
1163 2579 1307 2627 non
1345 2558 1506 2627 licet
1541 2560 1614 2627 in
1649 2557 1759 2627 his
1801 2558 2224 2629 consistere:
2265 2581 2427 2629 nam
2465 2559 2881 2633 dubitationi
2918 2565 3062 2635 sal-

665 2675 809 2733 tem
841 2662 1129 2732 relictus
1165 2672 1274 2732 est
1308 2661 1506 2733 locus
1543 2661 1612 2731 in
1652 2660 1761 2731 his
1794 2683 1980 2753 quae
2014 2675 2441 2756 sequuntur:

1387 2765 1520 2861 ἤδη
1557 2763 1631 2835 δὲ
1664 2764 1826 2860 περὶ
1859 2764 2308 2860 τριπόδεσσιν
2343 2772 2535 2859 ἐμεῖο

978 2865 1306 2962 φάσγανα
1331 2869 1444 2938 καὶ
1476 2869 1837 2964 ζωστῇρας
1865 2870 2219 2957 ἀναιδέας,
2252 2874 2643 2962 ἐχθομένας
2666 2898 2745 2944 τε

978 2971 1303 3061 ἀσπίδος,
1340 2978 1423 3042 αἲ
1443 2970 1807 3066 Γαλάτῃσι
1832 2972 2048 3068 κακὴν
2075 2973 2242 3044 ὁδὸν
2271 2973 2536 3068 ἄφρονι
2565 2975 2757 3068 φύλῳ

980 3074 1388 3171 στήσονται.

664 3181 881 3252 Recte
920 3178 1204 3273 quidem
1239 3179 1645 3262 accusativi,
1686 3179 2014 3270 quoniam
2051 3179 2182 3275 ἤδη
2218 3180 2591 3273 repetitum
2614 3191 2747 3268 est,
2780 3206 2822 3254 a
2850 3206 3059 3279 prae-

663 3285 965 3356 cedente
1000 3283 1221 3353 verbo
1259 3280 1779 3372 ἀπαυγάζοιντο
1817 3293 2183 3374 reguntur,
2234 3292 2309 3355 ut
2344 3306 2487 3356 non
2524 3306 2705 3379 opus
2739 3288 2833 3357 sit
2866 3310 3054 3361 novo

663 3388 911 3471 Verb0‚
968 3385 1096 3456 sed
1152 3386 1562 3455 insolentius
1613 3385 1880 3456 dictum
1917 3395 2024 3467 est
2061 3392 2144 3455 αἲ
2174 3382 2557 3482 στήσονται
2595 3390 2812 3486 κακὴν
2851 3388 3050 3483 ὁδόν,

662 3490 856 3582 quod
893 3488 1271 3582 simplicius
1311 3488 1660 3558 diceretur
1695 3487 2077 3585 θήσουσιν.
2165 3489 2455 3561 Videtur
2493 3500 2725 3563 tamen
2764 3495 3052 3567 defendi

665 3616 894 3687 posse.
952 3591 1223 3662 Deinde
1260 3590 1449 3662 haud
1487 3592 1696 3663 valde
1736 3595 2012 3685 placent
2046 3590 2410 3688 Γαλάτῃσι
2447 3606 2518 3664 et
2554 3596 2818 3690 ἄφρονι
2857 3601 3050 3692 φύλῳ

662 3698 1061 3780 coniuncta,
1102 3717 1402 3787 quorum
1436 3696 1656 3766 altero
1693 3696 2016 3769 libentius
2054 3717 2477 3768 careremus.
2534 3698 2831 3771 Accedit
2860 3701 3048 3795 quod

666 3796 1031 3895 Γαλάτῃσι
1068 3809 1466 3891 suspectum
1507 3800 1722 3870 videri
1750 3811 2002 3892 potest,
2040 3800 2123 3884 si,
2160 3810 2238 3870 ‘ut
2267 3802 2728 3893 Spanhemius
2758 3807 3047 3891 monuit,

663 3905 926 3996 primus
976 3925 1069 3974 ex
1113 3903 1618 3995 antiquioribus
1667 3903 2016 3996 putandus
2050 3913 2178 3973 *est
2214 3903 2670 3978 Callimachus
2723 3907 2838 3979 illa
2896 3931 3051 3980 esse

660 4010 893 4101 gentis
932 4007 1395 4101 appellatione
1432 4029 1620 4078 usus.
1699 4007 2075 4077 Pausanias
2110 4008 2300 4076 enim
2338 4009 2381 4077 l
2420 4012 2486 4079 3.
2520 4019 2841 4083 extremo
2881 4013 3049 4083 scri

665 4111 793 4179 bit:
853 4111 983 4201 ὀψὲ
1019 4111 1096 4179 δέ
1128 4133 1298 4180 ποτε
1333 4109 1596 4187 αὐτοὺς
1630 4114 1994 4182 καλεῖσθαι
2024 4109 2352 4188 Γαλάτας
2377 4111 2741 4209 ἐξενίκησε.
2787 4115 3048 4189 Κελτοὶ

663 4212 793 4308 γὰρ
841 4207 1021 4283 κατά
1073 4239 1146 4283 τε
1204 4214 1387 4305 σφᾶς
1419 4212 1519 4282 τὸ
1574 4214 1873 4306 ἁοχαῑον
1920 4213 2038 4284 καὶ
2085 4213 2277 4310 παρὰ
2313 4221 2466 4293 τοῖς
2498 4215 2734 4295 &More
2772 4213 3043 4310 ὠνομά-

660 4324 896 4401 ζοντο.
958 4315 1393 4406 Quamquam
1432 4315 1537 4386 his
1571 4316 1900 4409 opposuit
1929 4317 2218 4389 Siebelis
2246 4317 2748 4411 epigrammata
2777 4323 2911 4393 ab
2894 4343 3040 4415 ipso

665 4419 1010 4491 Pausania
1046 4419 1092 4486 Ι.
1132 4421 1251 4502 43,
1285 4421 1349 4488 3.
1386 4419 1472 4488 Χ.
1508 4420 1626 4491 24.
1666 4423 1731 4490 5.
1767 4420 1990 4506 allata,
2028 4442 2210 4513 quae
2247 4422 2445 4492 brevi
2486 4433 2643 4517 post
2671 4424 2858 4496 illam
2885 4425 3041 4495 Gal-

663 4523 931 4595 lorum
913 4521 1349 4592 invasionem
1377 4523 1634 4615 scripta
1662 4544 1822 4593 esse
1849 4511 2238 4595 videantur.
2299 4525 2538 4618 Itaque
2566 4524 2731 4597 nihil
2763 4529 3038 4621 quidem

659 4627 851 4720 cogit
886 4627 1298 4720 scripturam
1334 4626 1560 4697 minus
1599 4627 2012 4750 elegantem,
2053 4629 2182 4700 sed
2206 4651 2508 4701 vacuam
2537 4631 2710 4702 vitio
2737 4642 3030 4703 mutare:
