3328 5326
1199 387 1599 453 PINDARUS.
2470 393 2533 450 Η
2555 392 2577 449 l

216 591 333 652 aut
378 590 574 652 certa
624 591 730 651 est
781 592 901 653 aut
949 601 1129 674 quae
1167 581 1487 654 videatur
1535 582 1817 675 probari
1854 600 2083 673 posse.
2160 581 2388 674 Atque
2441 585 2590 675 ipse

222 685 390 755 adeo
419 684 815 756 Boeckhius
843 685 1187 776 quaedam
1214 696 1437 756 metra
1475 686 1542 755 in
1581 686 1798 756 altera
1827 683 2133 755 editione
2161 684 2357 755 aliter
2383 708 2588 777 quam

224 790 286 858 in
319 788 552 881 priore
590 788 948 881 disposuit.
1027 789 1413 860 Declarabo
1464 810 1645 881 quae
1699 788 1845 858 dixi
1895 788 2237 880 exemplis
2286 789 2590 880 quinque

212 890 597 962 carminum
637 914 729 962 ex
756 892 1105 985 Olympiis.
1166 892 1370 976 Quod
1409 893 1466 962 si
1504 913 1685 984 quae
1723 891 1890 962 mihi
1926 913 2374 963 numerorum
2402 914 2594 963 com-

223 995 585 1089 plexiones
637 995 853 1066 etiam
901 997 1251 1088 longiores
1302 997 1613 1089 receptis
1654 994 2017 1067 faciendae
2070 1007 2300 1076 erunt,
2351 1018 2595 1088 quam-

218 1120 424 1191 quam
463 1108 535 1168 et
572 1099 826 1190 legenti
868 1110 937 1169 et
973 1100 1290 1170 recitanti
1337 1099 1855 1170 incommodum
1892 1108 1999 1169 est
2037 1107 2181 1169 tota
2217 1109 2596 1192 systemata

223 1224 356 1273 uno
409 1202 880 1295 sesquipedali
931 1225 1140 1274 versu
1203 1198 1576 1296 perscribi,
1632 1212 1903 1287 tamen,
1956 1202 2282 1294 quoniam
2334 1202 2404 1272 in
2459 1204 2593 1274 hoc

205 1308 510 1377 salutem
563 1315 923 1398 poetarum
973 1307 1150 1378 verti
1203 1306 1413 1377 ho'die
1479 1306 1793 1400 plerique
1858 1305 2188 1390 credunt,
2246 1306 2596 1398 obsequar

206 1431 456 1480 »eorum
494 1409 828 1502 religioni.
895 1410 1165 1503 Regnat
1202 1411 1383 1481 enim
1423 1409 1492 1479 in
1530 1409 1666 1481 hoc
1702 1431 1981 1502 quoque
2018 1431 2277 1501 genere
2315 1411 2597 1502 antiqua

220 1513 496 1584 novicio
533 1514 812 1583 nomine
851 1513 988 1584 dea
1023 1513 1265 1585 Moda:
1308 1513 1555 1585 Graeci
1590 1512 1858 1604 μανιάν
1895 1514 2161 1584 dixere.

427 1615 613 1699 Quid
640 1616 773 1686 sibi
801 1617 1011 1687 licere
1038 1618 1424 1711 putaverint
1451 1616 1881 1711 grammatici
1909 1617 2168 1687 illustre
2197 1618 2593 1710 exemplum
2613 1636 2712 1695 p-1·

48 1781 49 1808 2
211 1731 325 1790 est
360 1720 588 1790 octavi
635 1720 958 1792 carminis
1006 1743 1251 1792 versus
1306 1724 1372 1791 8.
1414 1720 1535 1792 ubi
1582 1744 1795 1813 quum
1852 1722 2200 1813 legeretur
2245 1719 2489 1791 ἄνεται
2524 1721 2638 1791 δὲ·

48 1827 51 1914 1
224 1822 390 1917 πρὸς
425 1820 634 1917 χάριν
669 1823 986 1915 εὐσεβίας
1024 1826 1299 1919 ἀνδρῶν
1338 1829 1589 1911 λιταῖς,
1632 1824 1989 1895 Triclinius
2042 1824 2315 1916 scripsit
2352 1825 2594 1919 πληρέ-

226 1952 420 1996 ονται
467 1924 671 2020 πρὸς
693 1924 898 2021 χάριν
942 1930 1277 2018 εὐσεβέων
1323 1927 1596 2022 ἀνδρῶν
1644 1927 1858 2015 λιταί,
1902 1927 1992 1997 de
2043 1950 2178 2019 qua
2217 1928 2596 1998 mutatione

48 2057 51 2118 5
226 2030 316 2098 sio
367 2031 620 2099 refert:
678 2032 762 2099 οὐ
811 2027 1040 2120 μόνον
1093 2030 1165 2100 δὲ
1217 2030 1484 2116 ταῦτα,
1542 2029 1708 2099 ἀλλὰ
1759 2031 1873 2101 καὶ
1926 2030 2141 2101 πολλὰ
2178 2034 2379 2123 ἕτερα
2415 2034 2598 2100 ἐκαι-

226 2127 589 2228 νοτομήθη
650 2134 748 2223 τῷ
802 2130 1193 2225 σοφωτάτῳ
1253 2136 1349 2202 Μ
1350 2130 1754 2223 οσχοπούλῳ
1822 2133 2056 2225 κάμοί,
2112 2134 2204 2210 ὠς
2269 2130 2598 2216 ἐξετάζων

218 2234 556 2331 εὑρήσεις,
601 2234 960 2312 ἀνοικείως
997 2235 1248 2323 ἔχοντα
1282 2233 1457 2329 πρὸς
1487 2233 1573 2305 τό
1610 2236 1894 2330 με’τρον.
1985 2234 2380 2306 Credebant
2416 2235 2600 2303 enim

232 2336 491 2429 ἄνομαι
540 2338 729 2407 brevi
786 2367 832 2409 α
882 2360 1059 2408 esse.
1153 2338 1450 2408 Produci
1517 2339 1605 2408 ab
1667 2339 1884 2431 epicis
1945 2338 2294 2422 dixeram,
2347 2339 2603 2430 corripi

217 2452 448 2510 autem
477 2441 735 2511 aorista
756 2441 1010 2537 ἄνηται
1037 2442 1308 2512 ἄνοιτο.
1375 2440 1519 2511 Nec
1547 2441 1902 2512 debebant
1929 2464 2109 2535 quae
2144 2442 2600 2513 Buttmannus

226 2543 291 2612 in
340 2544 793 2635 grammatica
844 2546 918 2613 11.
975 2568 1039 2637 p.
1102 2548 1268 2614 445.
1322 2544 1720 2638 ibidemque
1782 2546 2171 2617 Lobeckius
2229 2547 2602 2616 attulerunt

233 2669 645 2742 suspensum
727 2647 1025 2720 reddere
1124 2647 1758 2721 Schneidewinum.
1885 2649 2091 2744 Apud
2175 2648 2602 2722 Nicandrum

230 2750 417 2822 Alex.
465 2755 547 2823 64
570 2755 637 2824 2.
680 2753 1128 2823 scribendum
1166 2750 1365 2848 ῥύσις
1393 2752 1655 2823 ἄνεται.
1711 2753 1980 2843 ’Ἁνυμι
2008 2776 2169 2823 vero
2207 2776 2347 2824 non
2386 2753 2600 2823 credo

233 2856 313 2924 ab
350 2857 496 2928 ullo
536 2857 875 2950 scriptore
913 2866 1318 2948 usurpatum
1356 2877 1539 2939 ess0,
1580 2856 1709 2927 sed
1755 2855 1989 2942 ἄνετο,
2033 2856 2317 2947 ἄνομες,
2361 2856 2598 2926 ἄνεται

236 2960 657 3031 restituenda
695 2960 1063 3030 Theocrito
1102 2959 1179 3027 ll.
1223 2960 1342 3030 92.
1383 2958 1517 3028 Vll.
1567 2962 1681 3029 40.
1723 2958 2039 3051 Oppiano
2077 2960 2250 3028 Hall.
2285 2960 2386 3028 III.
2427 2957 2594 3030 427.

433 3063 757 3134 Triclinio
788 3064 992 3155 igitur
1020 3062 1133 3131 vel
1161 3061 1614 3154 Moschopulo
1647 3061 2086 3133 tribuendum
2115 3062 2386 3134 videtur
2412 3061 2600 3154 quod

239 3164 301 3231 in
328 3167 545 3258 prima
565 3167 850 3260 stropha
867 3166 1186 3259 legimuS,
1209 3166 1412 3235 εἴτιν’
1434 3164 1568 3253 ἔχει
1581 3162 1787 3254 λόγον
1805 3159 2203 3259 ἀνθρώπων
2219 3167 2376 3261 πέρι
2390 3191 2601 3255 μαιο-

241 3270 454 3355 μένων
480 3268 788 3360 μεγάλαν
816 3269 1073 3365 ἀρετάν
1099 3268 1316 3358 θυμῷ
1345 3272 1609 3358 λαβεῖν,
1643 3267 1787 3337 τῶν
1827 3265 1899 3337 δὲ
1924 3265 2222 3357 μόχθων
2250 3265 2599 3358 ἀμπνοάν.

254 3372 400 3440 Τῶν
437 3372 511 3443 δὲ
546 3373 732 3442 enim
770 3373 924 3465 quis
962 3373 1205 3443 credat
1234 3392 1274 3440 a
1303 3369 1597 3441 Pindaro
1624 3372 2064 3462 profectum?
2137 3370 2404 3441 Eadem
2443 3392 2604 3467 senff

244 3474 441 3543 tentia
481 3475 821 3547 invenitur
857 3476 1052 3546 Nem.
1105 3478 1179 3545 V.
1228 3473 1343 3544 48.
1387 3475 1518 3543 VII.
1568 3477 1683 3543 46.
1731 3484 1800 3544 et
1849 3473 1931 3542 X.
1976 3472 2093 3545 24.
2137 3474 2254 3545 ubi
2293 3474 2604 3544 scriben-

240 3574 396 3646 dum
431 3578 609 3651 ἔνθα
646 3576 959 3656 νικάσαις
996 3580 1100 3657 δὶς
1138 3580 1330 3667 ε”σχεν
1375 3581 1626 3654 Θεαῖος
1664 3575 2038 3671 δυσφόρων
2072 3572 2306 3648 λάθαν
2334 3576 2595 3648 πόνων.

246 3678 499 3751 Veteris
563 3682 980 3753 scholiastae
1046 3681 1400 3753 adnotatio
1464 3680 1580 3749 καὶ
1646 3676 2182 3764 σπουδαζόντων
2245 3679 2604 3774 ἀναπνοὴν

236 3786 461 3873 λαβεῖν
509 3789 583 3855 ἐκ
631 3786 773 3855 τῶν
820 3784 1254 3875 κατεχόντων
1288 3780 1586 3876 μόχθων
1633 3783 1798 3853 facit
1858 3794 1934 3853 ut
1999 3784 2330 3876 scriptum
2391 3782 2603 3851 fuisse

237 3887 567 3957 credam'
540 3892 610 3959 ἐκ
646 3915 721 3958 τε
747 3883 1040 3979 μόχθων
1077 3891 1433 3979 ἄμπνοαν.
1509 3885 1798 3958 Videtur
1826 3887 1991 3957 etim
2029 3887 2229 3955 simul
2258 3887 2482 3956 luctus
2514 3885 2604 3955 ob

240 3987 724 4063 Callimachum
778 4014 869 4061 ex
918 3993 1161 4062 morbo
1205 4001 1586 4074 mortuum
1643 3991 1733 4060 de
1792 4012 1931 4082 quo
1981 3990 2051 4058 in
2105 3988 2243 4058 fine
2282 3989 2605 4058 carminis

239 4102 362 4176 est,
398 4095 673 4189 respici.

439 4199 512 4266 In
549 4218 735 4268 nono
766 4199 1071 4269 carmine
1100 4207 1207 4267 est
1235 4199 1453 4281 locuS,
1493 4219 1701 4289 quem
1732 4198 1866 4266 iam
1893 4206 2163 4266 veteres
2192 4195 2604 4267 scholiastae

241 4319 379 4367 non
422 4300 814 4373 hahuerunt
861 4324 1000 4394 quo
1046 4300 1255 4371 modo
1307 4300 1758 4393 explicarent.
1837 4298 2091 4369 Scribit
2142 4299 2230 4370 de
2286 4322 2372 4371 eo
2427 4322 2605 4371 unus

248 4400 354 4470 ad.
394 4426 455 4472 v.
498 4408 617 4475 85.
652 4404 1057 4496 ’ἐναντίωμα
1095 4404 1165 4474 δὲ
1200 4403 1377 4473 κατὰ
1405 4403 1534 4501 τὴν
1568 4401 2005 4494 γενεαλογίαν
2043 4403 2386 4494 ἐμπίπτει.
2479 4403 2606 4497 τὴν

247 4502 374 4598 γὰρ
402 4509 929 4602 Πρωτογένειαν
959 4507 1185 4598 οῖ’μὲν
1207 4504 1697 4583 Δευκαλίωνός
1726 4530 1973 4599 φασιν,
2008 4513 2088 4576 οῖ’
2104 4507 2174 4576 δὲ
2190 4508 2603 4580 Ὀποῦντος·

250 4605 363 4674 καὶ
397 4610 577 4682 δοκεῖ
610 4617 1010 4703 συμφωνεῖν
1044 4608 1221 4706 μήτε
1258 4610 1300 4706 ἦ
1339 4608 1735 4698 γενεαλογιά
1773 4606 1953 4704 μήτε
1989 4610 2030 4705 ἦ
2074 4608 2375 4701 ἱστορία.
2444 4607 2607 4677 ἄλλο
