3328 5326
621 362 741 421 ⁴52
1569 357 2047 421 AESCHYLUS.

615 558 822 623 ταῐον
868 550 1224 641 ἐπιτίμιον
1260 551 1388 620 τὸν
1426 543 1780 635 θάνατον,
1825 554 1949 626 ἕως
1987 546 2072 620 οὗ
2107 550 2457 645 Ἡρακλῆς
2494 550 2721 621 ἐλθών
2757 551 2798 621 ὁ
2836 551 2999 642 ἐμὸς

613 655 886 751 Ἰησοῦς
920 656 1065 725 τῶν
1101 655 1375 744 δεσμῶν
1410 654 1910 748 ἠλευθέρωσεν.

826 757 1182 851 Apparere
1231 767 1400 849 puto
1450 755 1619 848 quid
1672 756 1940 826 intersit
1989 757 2169 827 inter
2205 756 2591 827 Christiana
2625 764 3004 851 praecepta

619 872 692 931 et
728 882 852 931 eos
888 881 1140 933 sensus
1177 860 1429 952 quibus
1466 860 1729 951 antiqui
1768 861 1860 929 illi
1888 860 2345 931 ducebantur.
2404 860 2789 931 Christiana
2818 862 2999 931 enim

620 964 941 1035 doctrina
986 975 1129 1035 tota
1167 963 1256 1035 ad
1294 963 1700 1035 diviniorem
1752 963 2096 1035 humanae
2144 977 2434 1036 naturae
2479 975 2781 1058 partem,
2822 986 3001 1057 quae

620 1079 729 1139 est
765 1068 836 1137 in
873 1070 1163 1152 ratione,
1202 1068 1532 1160 pertinet:
1595 1067 1828 1159 itaque
1879 1069 2152 1138 reiectis
2189 1067 2681 1161 cupiditatibus
2734 1078 3003 1139 tantum

620 1172 787 1264 quid
835 1193 962 1264 per
1013 1173 1461 1265 interpretem
1511 1170 1784 1241 divinae
1836 1173 2085 1243 mentis
2134 1172 2270 1243 deo
2325 1172 2658 1266 probetur
2706 1173 3000 1264 quaerit.

620 1276 696 1346 In
759 1276 1193 1367 antiquorum
1261 1284 1492 1345 autem
1557 1275 1824 1345 illorum
1883 1276 2169 1360 virtute,
2238 1297 2418 1368 quos
2481 1275 2764 1367 quidam
2830 1297 3005 1346 con-

622 1380 934 1472 temptim
977 1400 1290 1473 paganos
1339 1391 1627 1462 vocant,
1683 1379 1772 1448 illi
1811 1400 2089 1471 quoque
2124 1381 2336 1474 parti,
2385 1401 2525 1471 qua
2561 1380 2814 1450 ceteris
2854 1381 3005 1449 ani-

619 1484 967 1554 mantibus
1019 1483 1277 1553 similes
1328 1504 1600 1565 sumuS‚
1670 1483 1775 1553 ius
1833 1504 2035 1554 suum
2098 1495 2205 1553 est
2268 1504 2713 1558 concessum:
2780 1505 3002 1575 quare

621 1587 908 1658 fluctuat
944 1586 1438 1680 cupiditatibus
1477 1597 1547 1655 et
1586 1586 1793 1657 modo
1832 1585 1968 1656 huc
2006 1587 2216 1657 modo
2255 1587 2414 1658 illuc
2451 1587 2858 1679 impellitur,
2903 1598 2999 1671 ut,

617 1691 677 1760 si
712 1691 947 1761 vincat
970 1691 1215 1761 melior
1242 1711 1427 1783 pam,
1462 1698 1694 1759 tamen
1733 1711 1872 1759 non
1909 1690 2169 1782 pudeat
2203 1690 2400 1761 alteri
2431 1711 2710 1783 quoque
2741 1691 3005 1783 aliquid

618 1792 1023 1879 indulsisse,
1065 1796 1420 1885 fortesque
1472 1793 1628 1863 illae
1667 1794 1937 1863 animae
1975 1816 2114 1863 non
2153 1816 2319 1887 prae
2356 1815 2434 1864 se
2473 1796 2654 1863 ferre
2691 1816 3006 1865 amorem

617 1898 960 1982 omnium,
1000 1897 1129 1968 sed
1166 1919 1401 1968 amare
1441 1897 1775 1980 amicum,
1816 1896 2164 1968 inimicum
2204 1898 2438 1969 odisse
2475 1898 2663 1968 laudi
2700 1898 2834 1968 sibi
2871 1898 3007 1969 du-

618 2011 799 2072 cant.
879 2000 1038 2072 Plus
1092 2002 1293 2086 satiS‚
1349 2000 1606 2085 crede,
1674 2001 1768 2094 pii
1819 2022 2091 2084 sumuS‚
2148 2003 2204 2071 si
2260 2001 2592 2071 mittimus
2646 2002 2765 2093 qui
2821 2004 3007 2072 feras

615 2116 861 2198 gentes
898 2105 967 2175 in
1007 2106 1258 2177 ultimis
1297 2115 1639 2175 terrarum
1676 2106 1815 2175 oris
1867 2104 2182 2175 doctrina
2219 2105 2607 2175 Christiana
2652 2105 3001 2177 imbuant:

615 2208 804 2301 quod
845 2209 976 2279 etsi
1014 2210 1200 2281 nullo
1238 2210 1387 2280 iure
1427 2209 1741 2293 facimuS‚
1791 2205 1943 2302 (ipsi
1985 2210 2170 2279 enim
2206 2211 2770 2294 num·ferremuS‚
2815 2210 2873 2280 si
2915 2211 3007 2280 ab

614 2313 799 2383 Indis
840 2313 1317 2383 Brachmanae
1354 2314 1664 2383 venirent
1707 2334 1875 2394 suas
1917 2312 2121 2382 nobis
2160 2314 2532 2405 religiones
2570 2313 2992 2407 obtrusuri‘?)

616 2428 850 2486 tamen
904 2417 1334 2508 probabilem
1382 2437 1705 2487 caussam
1755 2417 2263 2508 praeteximuS‚
2322 2418 2379 2486 si
2430 2417 2580 2487 sine
2636 2417 2879 2487 fraude
2932 2428 3007 2487 et

614 2520 954 2590 benevola
1016 2530 1252 2588 mente
1303 2519 1414 2602 fit,
1470 2520 1630 2610 quia
1685 2519 2081 2590 viventibus
2135 2542 2221 2590 ea
2271 2542 2436 2591 cura
2507 2519 2878 2590 adhibetur
2931 2532 3007 2591 et

615 2643 789 2716 quos
826 2644 988 2716 spes
1026 2623 1114 2693 sit
1150 2621 1242 2694 ad
1279 2622 1727 2694 humaniores
1767 2622 1991 2694 cultus
2020 2623 2398 2696 adductum
2437 2623 2549 2694 iri:
2592 2633 2663 2694 at
2698 2624 3005 2695 etiamne

615 2736 949 2810 mortuos,
988 2737 1061 2796 et
1096 2737 1410 2797 mortuos
1448 2727 1733 2818 quidem
1781 2726 2043 2819 aliquot
2093 2739 2254 2798 ante
2305 2728 2648 2799 Christum
2699 2729 3004 2801 saeculis

613 2852 904 2922 magnos
958 2852 1300 2923 paganoS‚
1353 2852 1653 2922 quorum
1703 2831 1983 2923 ingenia
2031 2853 2186 2902 cum
2235 2853 2505 2902 summa
2543 2831 3006 2904 adu·›iratione

612 2934 1064 3028 suspicimuS,
1120 2935 1191 3004 in
1241 2934 1578 3027 sepulcris
1629 2935 1773 3005 suis
1826 2956 2115 3018 vexare,
2173 2945 2644 3027 evocatosque
2695 2936 3004 3005 inermes

613 3060 855 3110 eorum
893 3060 1135 3108 manes
1168 3038 1466 3109 violento
1505 3039 1922 3131 baptismate
1953 3038 2375 3110 Christianos
2407 3041 2637 3109 facere
2675 3041 3006 3132 oportet?

613 3143 1024 3214 Omittamus
1079 3143 1307 3236 potius
1359 3141 1551 3235 quod
1597 3164 1830 3214 serum
1869 3152 2005 3227 est,
2044 3163 2557 3235 sequamurque
2595 3143 3003 3236 exemplum

612 3247 686 3316 T.
720 3245 907 3328 Livii,
948 3247 1065 3337 qui
1102 3247 1235 3316 sibi
1273 3247 1590 3339 antiquas
1628 3269 1742 3316 res
1772 3246 2094 3316 tractanti
2122 3247 2427 3318 animum
2456 3244 2607 3316 fieri
2635 3246 2997 3338 antiquum

613 3348 907 3440 scripsit.

818 3452 961 3522 Iam
998 3450 1055 3519 si
1092 3451 1490 3541 quaerimus
1517 3449 1910 3544 Aeschylus
1938 3451 2302 3543 quodnam.
2325 3453 2553 3522 soluto
2584 3451 3004 3523 Prometheo

558 3572 563 3577 ·
614 3561 1100 3648 argumentum
1151 3554 1416 3636 fecerit,
1456 3554 1790 3646 reliquiae
1829 3554 2006 3626 illius
2033 3555 2320 3627 :fabulae
2357 3555 2532 3626 haec
2571 3577 2797 3649 pauca
2833 3556 3007 3628 sub-

612 3660 1036 3730 ministrant:
1109 3658 1381 3727 venisse
1446 3657 1653 3750 longo
1715 3657 1958 3728 itinere
2007 3658 2284 3748 Titanes
2338 3659 2407 3728 in
2461 3658 2850 3742 Caucasum
2906 3659 2998 3730 ad

611 3763 982 3834 visendum
1020 3759 1540 3844 Prometheum:
1589 3783 1830 3832 coram
1865 3761 1973 3831 his
2010 3761 2201 3833 illum
2239 3762 2587 3834 cruciatus
2624 3784 2790 3835 suos
2828 3785 3005 3834 con-

611 3877 1022 3957 querentem
1076 3866 1489 3958 exposuisse
1543 3886 1724 3958 quae
1777 3863 2094 3936 homines
2144 3866 2234 3936 ab
2284 3887 2361 3937 se
2410 3866 2755 3937 beneficia
2792 3888 3003 3937 acce—

612 3969 873 4061 perint;
930 3969 1092 4041 dein
1133 3968 1412 4040 Herculi
1462 3969 1552 4039 ad
1599 3990 1813 4039 aurea
1848 3969 2309 4063 Hesperidum
2361 3971 2541 4040 mala
2594 3971 2809 4041 misso
2865 3971 3003 4041 iter

613 4071 1101 4164 descripsisse;
1148 4073 1514 4144 Herculem
1555 4072 1886 4143 invocato
1917 4073 2239 4167 Apolline
2275 4074 2527 4167 sagitta
2562 4073 3001 4146 transfixisse

612 4175 1032 4246 exedentem
1071 4178 1264 4249 iecur
1301 4175 1692 4248 Promethei
1730 4177 2062 4268 aquilam3
2113 4178 2339 4249 soluto
2388 4178 2674 4249 vinculis
2711 4178 3002 4249 Prome-

611 4278 757 4351 thei
809 4279 1190 4351 iniunctum
1240 4301 1398 4352 esse
1446 4291 1519 4351 ut
1555 4281 1830 4372 signum
1865 4291 2174 4374 gestaret
2210 4282 2658 4357 commeritae
2694 4302 2991 4374 poenae.

608 4384 684 4454 In
730 4382 835 4454 his
887 4381 1058 4452 nihil
1110 4383 1200 4453 de
1247 4404 1333 4454 eo
1382 4384 1755 4470 invenitur,
1803 4384 1993 4477 quod
2045 4385 2346 4455 maxime
2397 4385 2576 4457 scire
2626 4385 2996 4469 vellemuS‚

608 4510 748 4581 quo
808 4485 1017 4558 modo
1083 4488 1343 4558 factum
1407 4489 1525 4571 sit,
1586 4497 1661 4558 ut
1716 4499 1832 4559 aut
1885 4488 2339 4559 Prometheus
2402 4489 2610 4558 animi
2679 4488 2999 4560 obstina-

608 4593 867 4663 tionem
920 4589 1303 4683 deponeret
1351 4602 1469 4663 aut
1518 4592 1821 4684 Iuppiter
1872 4592 2354 4691 ati-mitiorem
2403 4592 2820 4665 sententiam
2868 4594 3001 4664 ad·
