3328 5326
708 392 733 450 l
749 393 782 452 4
793 393 831 451 8
1659 386 2140 451 AESCHYLUS.

703 583 1102 665 obediatur;
1156 583 1309 653 iure
1359 603 1489 653 sno
1541 580 1750 650 etiam
1803 599 1945 650 non
2004 579 2450 652 obedientem
2501 582 2730 678 punit:
2786 581 2978 674 quod
3027 583 3082 652 si

705 686 1121 757 Pr0metheo
1187 684 1704 756 crudelissimas
1770 684 2129 777 imponere
2187 703 2456 777 poenas
2508 685 2897 769 videbitur,
2947 706 3084 756 non

706 788 1251 861 obliviscendum
1301 800 1410 859 est
1458 787 1887 860 immortales
1933 807 2093 858 esse
2138 797 2226 857 et·
2257 791 2376 881 qui
2427 790 2624 883 punit
2673 799 2746 860 et
2794 790 2915 881 qui
2962 811 3087 882 pu·-

705 894 920 979 nitur,
974 903 1049 964 ut
1098 894 1343 986 poenis
1397 912 1679 984 quoque
1730 912 1869 961 non
1921 893 2224 986 potuerit
2269 893 2722 965 Prometheus
2772 892 3087 984 qualibus

707 999 885 1068 inter
933 997 1264 1067 mortales
1314 995 1517 1066 affici.
1592 996 1778 1065 Talis
1825 995 2031 1087 igitur
2065 1016 2279 1087 quum
2317 996 2406 1067 sit
2441 997 2775 1091 Iuppiter,
2815 995 2987 1089 quid
3021 997 3088 1065 in

706 1123 792 1173 eo
832 1111 938 1172 est
974 1101 1162 1193 quod
1202 1099 1559 1192 indignum
1597 1098 1956 1191 tragoedia
1995 1099 2128 1169 sit?

908 1203 1094 1288 Quid
1133 1225 1300 1275 vero
1339 1203 1836 1274 Prometheus?
1909 1201 2386 1274 Misericordia
2436 1213 2664 1275 motus
2713 1204 2896 1274 clam
2935 1224 3092 1296 rap-

706 1319 846 1378 tum
876 1309 1110 1401 ignem
1140 1308 1514 1401 impertivit
1542 1306 1963 1390 hominibuS,
1983 1306 2374 1399 artiumque
2405 1308 2696 1378 scientia
2717 1307 3093 1378 instructos

703 1411 1022 1482 omnibus
1060 1410 1248 1481 vitae
1287 1409 1895 1482 commoditatibus
1933 1409 2188 1480 beavit.
2259 1411 2440 1495 Quid
2479 1412 2561 1482 iis
2599 1409 2908 1481 traderet
2946 1432 3092 1480 am-

703 1517 925 1609 plius?
1005 1516 1276 1587 Morum
1311 1515 1715 1607 virtutisque
1765 1524 2162 1607 praecepta,
2219 1514 2456 1607 inquit.
2536 1515 2612 1586 Id
2648 1535 2821 1585 vero
2876 1514 2945 1586 si
2995 1516 3094 1584 fe-

702 1620 935 1703 cisset,
975 1620 1200 1688 mirati
1237 1628 1476 1689 esseut
1512 1627 1945 1711 spectatores
1983 1639 2514 1710 supervacanea
2550 1628 2622 1689 et
2657 1637 2841 1710 quae
2882 1639 3093 1688 nemo

701 1733 1186 1817 exspectasset
1221 1725 1713 1816 proferentem.
1790 1721 2142 1814 Exemplis
2177 1720 2496 1793 homines
2533 1722 2798 1815 antiqui
2834 1730 2907 1791 et
2945 1742 3094 1792 mo-

699 1827 860 1897 nitis
900 1845 1026 1921 pro
1063 1848 1142 1897 re
1180 1847 1263 1897 ac
1303 1836 1615 1918 tempore
1655 1826 1853 1895 iactis
1884 1825 1972 1895 ad
2006 1826 2328 1896 virtutem
2357 1826 2924 1910 instituebantur,
2955 1846 3091 1895 non

704 1941 1073 2025 praecepta
1130 1952 1401 2001 morum
1455 1931 1524 1998 in
1571 1929 1935 2001 doctrinae
1988 1931 2279 2000 formam
2334 1931 2620 2002 redacta
2657 1929 3092 2012 ediscebant,

702 2045 822 2106 aut
868 2034 926 2105 si
974 2033 1142 2126 quid
1188 2033 1620 2119 huiusmodi,
1679 2033 1752 2105 id
1803 2043 2160 2126 poetarum
2219 2034 2642 2105 carminibus
2694 2027 3094 2126 expositum

700 2138 1080 2209 memoriae
1133 2138 1581 2208 mandabant.
1679 2138 1777 2208 Ita
1832 2137 2022 2207 domi
2078 2139 2327 2208 doctus
2380 2140 2561 2209 scire
2616 2139 3096 2229 unusquisque

702 2243 1072 2336 putabatur
1123 2241 1292 2334 quid
1346 2244 1448 2312 fas
1504 2250 1574 2311 et
1625 2243 1861 2325 nefaS‚
1916 2240 2085 2333 quid
2134 2243 2389 2312 iustum
2427 2252 2498 2312 et
2533 2242 2891 2325 iniustum,
2933 2240 3096 2333 quid

701 2366 1000 2438 aequum
1038 2355 1108 2416 et
1146 2346 1479 2437 iniquum,
1519 2344 1689 2437 quid
1726 2345 2098 2415 honestum
2136 2356 2209 2415 et
2245 2355 2471 2438 turpe,
2508 2345 2847 2416 decorum
2886 2355 2962 2414 et
2998 2344 3098 2413 in-

701 2449 1060 2532 decorum,
1101 2448 1358 2518 bonum
1399 2458 1471 2516 et
1510 2439 1763 2519 malum
1807 2458 2016 2530 esset,
2058 2457 2129 2517 et
2164 2456 2357 2519 recte
2396 2448 2715 2542 quidem:
2762 2458 2875 2518 est
2913 2448 3094 2518 enim

702 2552 907 2623 huius
958 2551 1291 2621 scientiae
1349 2553 1504 2620 fons
1559 2552 1766 2635 rati0,
1807 2572 1988 2644 quae
2025 2574 2165 2622 non
2213 2553 2498 2624 aliunde
2554 2552 2930 2645 accipitur,
2972 2551 3094 2622 sed

703 2677 841 2727 una
896 2678 1052 2727 cum
1107 2654 1389 2726 homine
1446 2656 1791 2740 nascitur,
1847 2667 1921 2728 ut
1972 2655 2121 2726 sine
2175 2680 2255 2728 ea
2314 2679 2402 2727 ne
2455 2656 2743 2750 cogitari
2807 2655 3093 2748 quidem

699 2760 911 2830 homo
940 2758 1181 2852 possit.
1243 2759 1396 2828 Non
1437 2759 1642 2853 igitur
1680 2760 1936 2830 diaboli
1969 2759 2186 2829 instar
2219 2762 2669 2833 Prometheus
2697 2771 2829 2844 est,
2862 2780 3095 2852 neque

700 2864 964 2935 artibus
993 2885 1168 2956 quas
1197 2862 1482 2934 tradidit
1509 2862 1905 2936 hominibus
1942 2856 2033 2934 ad
2071 2867 2484 2956 pravitatem
2525 2887 2649 2936 eos
2686 2864 2912 2934 voluit
2949 2864 3097 2957 pel-

700 2968 955 3052 licere,
1011 2969 1136 3038 sed
1191 2969 1374 3037 viam
1427 2978 1816 3038 monstrare
1870 2969 2051 3039 bene
2106 2967 2454 3061 beateque
2508 2968 2829 3052 vivendi,
2893 2989 3095 3039 usum

576 3072 971 3158 p.7illarum
1024 3072 1271 3143 artium
1324 3071 1609 3141 arbitrio
1670 3073 2006 3165 cuiusque
2055 3073 2489 3166 relinquens,
2544 3072 2734 3166 quod
2786 3071 3098 3164 denique

699 3176 790 3245 illi
828 3197 1107 3269 quoque
1161 3178 1396 3246 facere
1449 3186 1826 3267 coguntur,
1865 3176 1982 3269 qui
2022 3177 2135 3245 vel
2183 3176 2486 3247 maxime
2536 3176 2939 3270 praeceptis
2993 3176 3097 3244 in-

700 3280 979 3350 culcare
1018 3279 1344 3350 virtutem
1397 3278 1699 3350 student.
1778 3281 1961 3364 Quin
2012 3288 2276 3350 tantum
2316 3281 2516 3351 abest
2551 3290 2625 3352 ut
2662 3281 2919 3373 impius
2958 3278 3094 3349 dici

699 3383 917 3475 possit
979 3383 1097 3474 qui
1134 3382 1329 3453 -ritus
1393 3404 1747 3454 sacrorum
1816 3383 2066 3475 quibus
2129 3383 2226 3453 dii
2289 3385 2732 3478 placarentur
2795 3382 3096 3476 praeivit

698 3486 1133 3569 mortalibuS,
1192 3498 1266 3557 ut
1316 3508 1441 3556 eos
1492 3508 1575 3557 ea
1632 3487 1779 3578 ipsa
1833 3508 1908 3556 re
1958 3486 2049 3557 de
2098 3486 2354 3580 pietate
2399 3510 2567 3582 erga
2617 3489 2792 3559 deos
2842 3487 3096 3557 admo-

698 3590 925 3661 nuerit
952 3589 1408 3683 apertissime.
1468 3589 1559 3659 At
1595 3590 1731 3659 hoc
1769 3611 2048 3682 quoque
2076 3590 2145 3659 in
2177 3590 2639 3663 Schoemanni
2670 3591 3095 3661 Prometheo

698 3694 926 3766 soluto
964 3716 1030 3763 v.
1067 3692 1235 3763 647.
1271 3715 1421 3786 sqq.
1469 3713 1555 3764 eo
1607 3693 1889 3763 deflecti
1936 3693 2279 3780 videmus,
2333 3705 2408 3766 ut
2453 3717 2650 3766 sacra
2698 3717 2885 3787 quae
2928 3695 3095 3764 Pro-

698 3798 1020 3868 metheus
1082 3798 1317 3867 facere
1381 3797 1700 3867 docuerit
1753 3817 1893 3866 non
1953 3798 2228 3890 pietatis
2281 3808 2351 3869 et
2401 3800 2842 3870 reverentiae
2899 3798 3097 3869 testi-

699 3901 1099 3986 ficationeS,
1166 3898 1295 3972 sed
1360 3901 1748 3970 animorum
1802 3900 1871 3968 in
1924 3900 2118 3972 malis
2185 3902 2704 3995 desperantium
2768 3903 3096 3973 ultimum

699 4007 1089 4097 perfugium
1135 4004 1408 4076 fuerint.
1485 4002 1685 4074 Absit
1720 4024 1892 4074 vero
1930 4015 2005 4075 ut
2041 4004 2402 4077 calumniis
2450 4008 2704 4077 bonam
2758 4027 3092 4077 caussam

700 4108 769 4175 in
828 4109 1076 4178 malam
1131 4118 1484 4179 vertamus
1538 4117 1644 4193 et,
1700 4108 2024 4198 quoniam
2065 4108 2428 4180 Christiani
2477 4130 2749 4195 sumuS,
2789 4108 3095 4181 diaboli—

700 4230 855 4280 cam
892 4222 1195 4282 mentem
1234 4211 1618 4283 tribuamus
1650 4212 2091 4303 magnanimo
2120 4212 2415 4284 adiutori
2455 4215 2733 4308 generis
2774 4212 3089 4295 humani,

699 4312 817 4407 qui
869 4314 1341 4386 atrocissimas
1392 4315 1915 4386 misericordiae
1965 4336 2230 4409 poenas
2282 4318 2482 4389 luens
2533 4340 2675 4389 non
2727 4319 2961 4410 frangi
3014 4337 3092 4387 se

697 4418 955 4514 patitur
1017 4419 1469 4502 cruciatibuS,
1537 4418 1666 4488 sed
1736 4414 2299 4512 indignabundus
2368 4422 2732 4493 saevitiam
2797 4430 3095 4492 accusat

698 4524 878 4608 eius,
920 4543 960 4591 a
998 4540 1137 4612 quo
1174 4522 1381 4593 tantis
1419 4532 1526 4592 est
1562 4521 1919 4613 suppliciis
1956 4523 2267 4595 affectus,

901 4624 1150 4695 Veniat
1209 4647 1391 4695 nunc
1449 4626 1511 4694 in
1571 4627 2226 4719 contemplationem
2277 4628 2382 4711 10,
2436 4649 2644 4721 quam
2692 4627 3094 4720 Aeschylus
