3328 5326
1041 372 1266 437 ARTIS
1298 374 1622 437 TYPOGR.
2398 378 2520 439 449

145 575 293 637 tum
329 565 431 635 rei
468 566 790 639 librariae
827 566 1060 651 habet,
1102 578 1178 637 ut
1214 586 1421 658 quam
1460 587 1586 659 pro
1625 587 1917 636 numero
1953 566 2335 651 hominum,
2367 568 2522 659 qui-

138 669 274 740 bus
314 691 544 761 neque
581 669 672 741 ad
708 669 1046 742 emendos
1083 669 1296 740 libros
1341 671 1737 754 facultateS,
1793 691 2024 762 neque
2075 669 2167 740 ad
2219 671 2519 742 utendos

142 772 366 845 otium
404 773 689 845 et·iusta
723 773 1057 845 institutio
1094 773 1298 856 desit,
1337 783 1457 844 aut
1493 773 1743 843 florere
1781 784 1902 843 aut
1925 794 2362 847 marcescere
2394 795 2521 845 ne-

143 896 350 946 cesse
386 876 495 947 sit.
578 877 681 946 Ac
716 878 1032 970 profecto
1069 876 1141 947 id
1178 878 1313 946 iam
1348 875 1589 949 sentiri
1625 888 1953 969 coeptum
1988 887 2117 961 est,
2158 877 2520 948 luendum-

139 1000 283 1070 que
320 978 613 1072 posthac
665 979 889 1075 magis
943 981 1104 1065 erit,
1152 981 1332 1050 facta
1383 980 1677 1073 penuria
1721 980 2108 1052 doctorum.
2193 980 2523 1052 Videmus

138 1093 501 1175 repertum
539 1103 732 1168 esse,
782 1095 859 1159 ut
895 1082 1416 1155 alliciendorum
1459 1095 1850 1176 emptorum
1889 1104 2135 1154 caussa
2172 1083 2360 1154 libris
2398 1105 2524 1176 per

129 1185 873 1281 ‚temporistintervalla
911 1187 1368 1281 particulatim
1418 1186 1810 1257 vendendis
1862 1186 2327 1261 dissimuletur
2376 1208 2524 1257 ma-

132 1289 436 1382 gnitudo
485 1289 720 1382 pretii;
774 1290 1095 1362 videmus
1132 1291 1342 1363 libros
1377 1291 1586 1383 longo
1623 1290 1854 1363 studio
1902 1291 2255 1382 multaque
2308 1311 2522 1383 opera

136 1393 543 1464 elaboratos
580 1393 1094 1487 redemptorem
1130 1415 1269 1464 non
1308 1393 1652 1479 invenire,
1703 1395 1864 1486 quia
1917 1392 2344 1466 divendendi
2382 1415 2523 1464 non

3 1557 6 1560 t
139 1496 402 1567 eadem
438 1517 619 1588 quae
657 1497 1230 1589 superiore-aevo
1268 1518 1430 1591 spes
1468 1508 1594 1568 est.
1654 1499 1810 1582 Quo
1847 1507 2162 1591 apertum
2200 1509 2329 1581 est,
2369 1498 2521 1568 illos

3 1661 7 1667 ,
124 1600 336 1693 ipsos
373 1600 491 1691 qui
526 1601 838 1673 scribunt
875 1622 914 1673 a
951 1601 1308 1693 diligentia
1343 1609 1416 1672 et
1467 1602 1841 1672 severitate
1890 1600 1981 1672 ad
2034 1601 2521 1694 negligentiam

135 1715 217 1773 et
253 1702 599 1775 levitatem
638 1703 878 1774 averti.
956 1705 1132 1775 Hinc
1169 1714 1415 1776 exorta
1440 1714 1557 1775 est
1593 1705 2113 1779 innumerabilis
2151 1704 2519 1779 multitudo

135 1806 503 1877 hominum
538 1807 1207 1893 immemorabilium,
1238 1807 1354 1900 qui
1384 1818 1716 1900 quaestus
1745 1830 1994 1881 caussa
2022 1808 2279 1902 inepta,
2309 1829 2517 1891 vana,

130 1910 365 1983 futilia
399 1910 785 1983 scribentes
820 1933 955 1983 nec
993 1914 1251 2005 populo
1285 1923 1614 2004 prosunt,
1667 1923 1737 1982 et
1787 1911 2299 2005 corrumpendo
2335 1933 2521 1981 mer-

136 2022 307 2085 catu
343 2015 605 2085 faciunt
640 2025 864 2087 utres
902 2015 1175 2087 libraria
1224 2015 1452 2084 arbori
1501 2016 1743 2086 similis
1797 2015 2088 2100 evadat,
2138 2016 2334 2086 cuius
2382 2036 2522 2107 quo

135 2117 349 2189 latius
386 2118 559 2189 rami
594 2117 1025 2210 panduntur,
1081 2140 1169 2189 eo
1206 2119 1579 2210 ,angustius
1614 2121 1839 2191 solum
1878 2119 2302 2211 relinquatur
2337 2118 2523 2189 radi-

139 2221 365 2291 cibus
423 2221 738 2312 Augetur
774 2232 1004 2292 antem
1042 2221 1206 2293 illud
1243 2223 1499 2293 malum
1538 2244 1647 2307 eo,
1688 2223 1880 2314 quod
1909 2223 2115 2295 etiam
2145 2221 2402 2293 iudicia
2430 2221 2521 2293 de

134 2323 333 2395 libris
350 2325 627 2394 venalia
653 2336 835 2409 sunt,
857 2325 1303 2418 ipsorumque
1332 2325 1634 2397 iudicum
1664 2326 1852 2399 haud
1880 2327 2174 2418 exiguus
2191 2346 2522 2397 numerus

148 2450 241 2498 ex
279 2427 448 2520 ipsis
486 2427 613 2499 illis
652 2430 1078 2521 compositus
1116 2440 1222 2499 est
1259 2429 1455 2500 vanis
1499 2430 1990 2522 scriptoribus,
2040 2430 2156 2522 qui
2207 2430 2417 2500 etiam
2463 2429 2520 2498 si

147 2531 443 2614 vellent,
495 2553 586 2601 ne
640 2543 927 2624 possent
979 2531 1262 2624 quidem
1306 2533 1424 2624 qui
1474 2532 1640 2605 boni
1689 2534 1876 2618 libri,
1927 2533 2046 2624 qui
2089 2533 2250 2605 mali
2288 2541 2525 2603 essent

1 2678 17 2721 ὲ,
134 2633 479 2722 iudicare.
552 2635 705 2720 Quo
743 2635 879 2706 iam
918 2647 989 2707 et
1022 2635 1458 2708 laudationes
1497 2636 1829 2709 librorum
1869 2648 1939 2709 et
1973 2637 2523 2731 vituperationes

140 2738 556 2810 auctoritate
611 2738 1116 2825 destituuntur,
1182 2752 1258 2812 ut
1305 2761 1395 2810 ne
1452 2741 1750 2812 maxima
1812 2740 2097 2834 quidem
2144 2740 2524 2835 praeconia

135 2862 567 2935 magnopere
605 2842 693 2913 ad
731 2843 1155 2936 emptionem
1192 2843 1506 2915 invitent.

3 3010 6 3013 ,
347 2945 664 3038 Denique
708 2967 879 3016 vero
926 2968 1256 3038 magnum
1305 2958 1377 3016 et
1413 2948 1651 3019 nescio
1692 2968 1782 3017 an
1817 2948 2195 3017 maximum
2247 2947 2522 3038 pericu-

1 3113 17 3138 Σ,
128 3050 283 3122 lum
322 3070 417 3119 ex
451 3050 655 3120 trium
691 3049 1002 3119 imminet
1044 3049 1615 3141 gravissimorum
1662 3050 2000 3119 malorum
2054 3048 2518 3118 conflictioness

138 3151 644 3245 Conspirarunt
693 3153 878 3224 enim
930 3163 1175 3223 contra
1224 3174 1370 3223 rem
1428 3153 1775 3223 librariam
1842 3151 2159 3244 quamvis
2213 3152 2391 3221 inter
2445 3173 2522 3221 se

136 3255 509 3328 discordes
563 3256 1164 3349 impudentissima
1212 3256 1671 3348 quorumdam
1735 3256 2150 3348 scriptorum
2202 3254 2519 3339 audacia,

137 3359 702 3432 inconsideratus
726 3361 1111 3431 ,multorum
1148 3359 1540 3438 libertatem
1566 3359 1742 3453 preli
1768 3358 2205 3453 poscentium
2234 3359 2519 3442 clamor,

135 3461 438 3555 magnus
477 3462 780 3555 denique
818 3484 1063 3536 eorum
1100 3485 1319 3557 penes
1356 3485 1532 3556 quos
1566 3485 1840 3534 summa
1875 3484 2107 3534 rerum
2138 3474 2247 3534 est
2270 3472 2517 3534 metus
2540 3477 2641 3538 p.s

124 3566 392 3644 -Exorti
428 3576 590 3640 sunt
627 3567 1171 3659 exoriunturque
1207 3567 1465 3659 ubique
1518 3568 1807 3638 iuvenes
1858 3566 2081 3638 iustae
2117 3566 2523 3659 disciplinae

144 3669 362 3741 rudes
381 3723 401 3754 ,
439 3669 569 3741 sed
604 3691 747 3742 non
784 3679 1110 3764 expertes
1145 3671 1435 3764 ingenii,
1486 3671 1607 3764 qui
1644 3671 1917 3742 abiecta
1954 3669 2142 3742 omni
2179 3691 2524 3740 verecun-

147 3773 264 3846 dia
299 3774 619 3867 religioni
656 3775 1117 3859 sanctitatem,
1152 3774 1437 3867 regibus
1463 3771 1924 3858 maiestatem,
1952 3773 2291 3845 nobilitati
2319 3773 2526 3843 here-

147 3877 468 3950 ditariam
504 3898 546 3947 a
581 3877 957 3959 maioribus
993 3879 1283 3971 gloriam
1323 3879 1594 3972 eripere
1630 3878 2017 3962 studenteS,
2046 3897 2385 3948 novarum
2410 3897 2526 3947 re-

146 4003 298 4052 rum
336 3979 719 4074 cupiditate
755 3982 1022 4057 animos
1059 3981 1471 4066 incendunt,
1527 3991 2026 4075 praetentaque
2062 3980 2250 4052 inani
2286 3980 2524 4073 specie

139 4083 484 4156 libertatis
535 4095 608 4155 et
656 4087 940 4178 aequati
989 4086 1294 4157 omnium
1346 4086 1512 4156 iuris
1568 4106 1727 4170 eos,
1786 4085 1903 4178 qui
1969 4093 2157 4155 sorte
2207 4103 2331 4155 sua
2379 4105 2523 4154 non

136 4189 454 4260 contenti
488 4198 673 4274 sunt,
713 4190 955 4281 quales
990 4189 1252 4282 ubique
1288 4188 1758 4273 inveniuntur,
1798 4188 2105 4282 apertius
2143 4186 2393 4258 tectius
2431 4188 2523 4260 ad

130 4291 476 4365 seditiosa
529 4293 814 4364 consilia
863 4293 1327 4366 exstimulant.
1407 4292 1736 4376 ‚Quorum
1805 4291 2161 4363 hominum
2226 4291 2518 4377 insania,

128 4406 433 4489 accepta
480 4397 723 4489 vulgo,
773 4397 1052 4468 lucrosa
1087 4397 1188 4468 rei
1224 4396 1571 4481 librariae,
1611 4397 1672 4466 si
1710 4406 1784 4466 ut
1819 4407 2121 4488 aequum
2158 4405 2265 4466 est
2300 4396 2523 4489 repri-

118 4500 349 4570 mitur
384 4509 457 4572 et
484 4510 888 4586 coercetur,
939 4500 1184 4593 ingens
1221 4500 1531 4593 undique
1584 4499 1862 4571 auditur
1909 4501 2197 4584 clamor,
2252 4500 2517 4593 prelum

126 4603 433 4676 liberum
454 4624 629 4676 esse
666 4604 960 4690 debere3
1002 4603 1372 4678 criminosa
1409 4604 1466 4675 si
1496 4603 1650 4697 quis
1679 4603 2057 4697 scripserit,
2087 4602 2516 4697 puniendum

215 4722 417 4783 Hnu.
441 4720 550 4782 ΟΡ.
580 4723 732 4783 VIII.
1384 4739 1394 4745 ·
1997 4719 2096 4784 Dd
