3328 5326
355 1178 501 1241 (3³2
519 1198 617 1234 οἉ

376 1258 543 1317 Ὅὶιῆ
559 1260 663 1309 lt.)

379 1325 599 1381 <buum
609 1323 755 1375 *⁴th

418 1413 453 1447 Ἴ
492 1400 539 1451 ’ὅ

1052 1445 1829 1543 PRAEFATIO.

1283 1653 1588 1665 ——-—---.-..

466 1800 883 1914 Godofredi
949 1845 1324 1916 Hermanni
1385 1847 1720 1939 opuscula
1781 1867 1872 1916 ne
1941 1846 2261 1917 Mauritio
2333 1847 2627 1940 Hauptio

269 1983 555 2058 mortuo,
596 1973 713 2065 qui
750 1975 1076 2045 volumen
1116 1995 1354 2044 eorum
1383 1984 1709 2045 octavum
1739 1974 1952 2045 edere
1981 1976 2454 2061 constituerat,
2486 1976 2629 2047 dis-

269 2124 458 2196 persa
494 2112 570 2173 et
595 2102 1050 2196 incomposita
1077 2103 1386 2174 iacerent
1416 2103 1888 2197 oblivionique
1917 2102 2355 2174 traderentur
2383 2100 2626 2172 imme-

268 2233 426 2303 ritae
491 2232 587 2302 ab
649 2231 1021 2304 Ritschelio
1069 2233 1369 2304 maxime
1426 2242 1496 2303 et
1562 2233 1961 2304 Ecksteinio
2026 2233 2254 2304 cautio
2320 2230 2628 2302 adhibita

268 2370 380 2431 est.
456 2362 770 2445 Quorum
805 2362 1108 2432 virorum
1146 2362 1410 2433 monitu
1449 2383 1583 2455 ego
1620 2362 1853 2432 omnia
1891 2362 2146 2455 collegi
2192 2370 2262 2432 et
2314 2382 2490 2454 opus
2536 2361 2625 2431 ab

267 2490 403 2584 ipso
441 2490 839 2561 Hermanno
888 2491 1239 2585 inceptum
1286 2513 1680 2584 magnoque
1723 2492 2028 2562 virorum
2082 2480 2446 2562 doctorum
2503 2489 2628 2560 de-

269 2619 510 2691 siderio
550 2628 1032 2713 exspectatum
1086 2620 1172 2692 ad
1227 2620 1435 2692 finem
1488 2621 1805 2715 perduxi.
1896 2620 2350 2692 Continentur
2397 2628 2625 2692 autem

271 2749 390 2820 hoc
439 2749 796 2821 volumine
841 2750 1215 2821 Hermanni
1261 2752 1596 2844 opuscula
1660 2751 1749 2821 ab
1808 2773 1990 2822 anno
2045 2750 2625 2822 MDCCCXXXIX

272 2900 476 2971 usque
525 2877 617 2949 ad
654 2878 783 2948 viri
831 2879 1198 2972 singularis
1244 2880 1507 2951 obitum
1552 2881 1966 2974 conscripta.
2052 2882 2487 2973 Quamquam
2538 2901 2627 2950 ne

270 3007 434 3079 haec
470 3007 757 3104 quidem
794 3016 937 3079 tota
973 3018 1044 3079 et
1078 3010 1346 3102 integra
1382 3009 1595 3080 edere
1631 3009 1842 3081 licuit.
1918 3009 2405 3103 Praeterquam
2442 3009 2625 3079 enim

267 3138 441 3229 quod
478 3138 698 3232 ipsius
733 3137 1107 3208 Hermanni
1144 3160 1227 3210 ea
1265 3138 1736 3225 consuetudo,
1773 3160 1982 3231 quam
2021 3139 2090 3208 in
2127 3138 2471 3232 prioribus
2510 3160 2624 3209 se-

264 3276 441 3360 ptem
478 3266 944 3340 voluminibus
981 3277 1261 3338 secutus
1289 3277 1418 3353 est,
1458 3267 1798 3340 suadebat
1834 3278 1909 3339 ut
1944 3268 2273 3338 nonnulla
2299 3289 2628 3360 segrega-

262 3404 512 3482 rentur,
544 3395 753 3467 etiam
780 3396 1154 3490 bibliopola
1180 3396 1541 3468 admonuit
1567 3419 1657 3467 ne
1686 3397 1891 3468 unius
1925 3396 2292 3468 voluminis
2332 3397 2621 3490 eiusque

265 3526 344 3595 ab
387 3548 502 3597 me
549 3525 950 3596 nominatim
999 3524 1257 3597 edendi
1307 3526 1558 3598 modus
1619 3527 2103 3598 excederetur.
2207 3527 2444 3620 ltaque
2505 3525 2623 3596 diu

263 3654 419 3724 mihi
448 3653 818 3739 dubitanti,
849 3654 1014 3746 quid
1042 3654 1464 3726 servandum
1494 3665 1704 3741 esset,
1735 3656 1901 3749 quid
1932 3655 2385 3739 reiciendum,
2416 3655 2626 3748 aptis-

264 3784 502 3856 simum
558 3784 781 3855 visum
818 3792 926 3855 est
975 3784 1378 3855 academica
1429 3787 1764 3879 opuscula
1816 3786 1906 3857 ad
1942 3807 2153 3858 unum
2192 3784 2423 3855 omnia
2460 3784 2624 3854 reti-

264 3935 422 3985 nere
446 3966 466 3999 ,
524 3913 843 3984 omittere
899 3923 1131 3984 autem
1184 3935 1517 3986 censuras
1569 3915 1931 3987 annalibus
1967 3899 2624 3986 Vindobonensibus

262 4040 934 4114 Darmstadiensibus
971 4044 1381 4115 Jenensibus
1428 4044 1756 4129 insertaS,
1805 4054 2044 4139 utpote
2089 4052 2160 4113 et
2195 4044 2622 4137 longitudine

264 4173 599 4267 copiaque
627 4172 714 4242 ab
743 4172 946 4243 huius
976 4171 1298 4243 editionis
1328 4173 1616 4245 consilio
1646 4175 1906 4245 alienas
1938 4183 2008 4244 et
2039 4172 2240 4244 facile
2276 4174 2621 4267 parabiles

262 4300 612 4375 hominum
653 4302 1014 4375 doctorum
1052 4302 1203 4373 usui
1242 4311 1313 4372 et
1348 4302 1437 4374 de
1475 4303 1755 4396 reliquis
1790 4325 2013 4406 pauca
2050 4303 2419 4396 quaedam,
2466 4303 2618 4395 qui-

262 4430 386 4503 bus
439 4454 530 4502 ne
574 4433 727 4527 ipse
759 4432 1037 4525 quidem
1091 4431 1525 4504 Hermannus
1573 4434 1866 4506 multum
1903 4432 2226 4504 tribuisse
2261 4432 2616 4503 videretur

266 4561 373 4634 vel
423 4582 601 4655 quae
638 4561 787 4634 aliis
823 4561 914 4633 de
950 4562 1178 4634 causis
1213 4561 1438 4635 minus
1474 4562 1687 4635 hodie
1729 4561 2401 4635 commendarentur.
2476 4561 2618 4631 Ex-
