3328 5326
1200 401 1676 468 A'ESGHYLUS.
2517 411 2638 474 t57

272 620 324 665 v.
358 595 473 681 94,
506 596 816 668 tradidit:
860 602 934 668 ἐν
970 600 1068 689 τῷ
1107 596 1453 694 πυρφόρῳ
1490 606 1677 694 τρεῖς
1711 596 2061 694 μυριάδας
2100 602 2273 697 φησὶ
2311 605 2638 675 δεδέσθαι

272 698 505 789 αὐτόν,
548 720 840 772 vacuum
878 721 1202 794 campum
1238 701 1633 774 habuerunt
1683 704 2170 789 coniectoreS‚.
2198 723 2406 797 quem
2443 728 2639 778 com-

268 804 505 873 mentis
558 826 771 895 quum
822 804 1100 875 aliunde
1149 814 1297 877 tum
1346 827 1439 876 ex
1491 827 1576 877 ea
1627 827 1838 899 quam
1885 807 2228 879 habemus
2278 811 2638 903 tragoedia

268 908 660 999 conquisitis
697 908 1085 1000 implerent,
1126 927 1356 1002 neque
1386 909 1786 981 Oceanides
1816 929 2046 1004 neque
2083 911 2371 984 Cabiros
2410 935 2637 1006 neque

267 1010 598 1104 Cyclopes
675 1011 1109 1105 adspernati:
1187 1013 1305 1105 qui
1379 1014 1571 1085 lusus
1633 1033 1843 1106 quam
1907 1016 2076 1085 vani
2135 1017 2272 1086 sint
2334 1018 2641 1089 ostendit

267 1113 780 1185 Schoemannus
833 1138 898 1208 p.
952 1115 1069 1187 72.
1116 1135 1310 1208 seqq.
1413 1116 1587 1189 Illud
1636 1116 1942 1210 quidem·
1976 1129 2170 1190 recte
2219 1120 2636 1206 iudicarunt,

268 1239 392 1288 non
440 1218 938 1311 negligendum
987 1237 1182 1303 esse,
1238 1220 1294 1289 si
1342 1220 1510 1313 quid
1548 1220 1787 1292 indicii
1825 1241 1917 1292 ex
1950 1223 2181 1294 vincto
2221 1224 2640 1297 Prometheo

265 1323 392 1415 peti
442 1333 718 1415 posset,
771 1323 984 1393 modo
1022 1341 1110 1393 ne
1146 1344 1233 1394 ea
1277 1325 1426 1396 fere
1482 1326 1963 1419 arripuissent,
2018 1345 2200 1418 qnae
2233 1328 2341 1397 vel
2381 1328 2638 1399 nullam

263 1426 342 1495 ad
394 1425 834 1519 probandum
870 1427 1002 1496 vim
1053 1427 1333 1511 habent,
1370 1429 1477 1497 vel
1517 1438 1757 1521 aperte
1794 1450 1934 1499 non
1975 1441 2173 1500 erant
2211 1431 2635 1516 adhibenda,

263 1541 328 1600 ut
361 1529 797 1600 Oceanidum
845 1531 911 1599 in
963 1531 1223 1623 nuptiis
1268 1531 1658 1603 Promethei
1713 1544 1996 1617 cantuS‚
2045 1535 2240 1605 cuius
2298 1556 2387 1604 ne
2441 1558 2640 1606 men-

261 1633 510 1703 tionem
551 1633 833 1726 quidem
873 1636 1197 1718 facerem,
1235 1635 1367 1705 nisi
1406 1636 1830 1708 monendum
1869 1646 2205 1730 putarem,
2237 1639 2634 1724 Hesionam,

262 1759 428 1829 quae
475 1759 544 1807 v,
597 1740 767 1807 539.
816 1759 996 1808 uxor
1047 1737 1436 1809 Promethei
1499 1739 1785 1825 dicitur,
1844 1762 2073 1833 neque
2119 1741 2380 1812 Oceani
2429 1741 2637 1813 filiam

265 1841 604 1934 Aeschylo
658 1863 843 1911 esse:
904 1842 1155 1933 alioqui
1206 1843 1555 1934 posuisset
1615 1843 1795 1960 ἐμὰν
1854 1843 2343 1939 ὁμοπάτοιονς
2407 1867 2637 1939 neque

264 1967 506 2016 nomen
549 1944 810 2014 habere
850 1967 888 2014 a
926 1946 1243 2017 navibus:
1305 1945 1526 2016 obstat
1578 1948 1765 2016 enim
1819 1957 2060 2018 contra
2113 1949 2338 2041 legem
2377 1950 2637 2022 inserta

264 2049 494 2119 littera.
560 2049 787 2118 Pauca
818 2048 1156 2119 habemus
1195 2050 1508 2119 similiter
1535 2053 1923 2143 composita
1956 2052 2269 2121 nomina:
2313 2050 2629 2148 ἡσιεπής,
2654 2093 2706 2144 p
2728 2084 2789 2131 ⁴5

261 2152 340 2222 de
376 2175 517 2245 quo
557 2153 780 2244 Etym.
815 2152 902 2221 Μ.
938 2173 1001 2277 p.
1042 2155 1214 2236 669
1249 2156 1313 2223 8.
1362 2152 1687 2249 σημαίνει
1738 2155 1810 2226 δὲ
1857 2154 1985 2224 τὸν
2034 2154 2371 2242 εὔστοχον
2416 2160 2490 2225 ἐν
2537 2157 2635 2247 τῷ

258 2258 489 2346 λέγειν,
535 2254 729 2377 napo}
764 2255 893 2325 τὸν
932 2256 1076 2351 ἥσω
1125 2258 1507 2349 μέλλοντας
1564 2255 1934 2353 ἦσίπεπον,
1979 2256 2165 2350 apud
2213 2258 2399 2351 Hesy
2404 2258 2633 2330 chium

259 2359 436 2451 quod
464 2360 556 2429 sit
581 2360 967 2452 εὐτραφέςς
1006 2358 1304 2454 ἡσίχειρ,
1339 2359 1529 2451 quod
1559 2360 1742 2430 idem
1775 2361 2267 2453 interpretatur
2294 2360 2630 2458 ὸαψιλής5

254 2462 612 2549 Ἡσίοδος,
656 2462 747 2532 de
797 2483 937 2586 quo
988 2463 1057 2531 in
1106 2461 1335 2555 Etym.
1381 2464 1468 2532 M.
1512 2487 1578 2557 p.
1625 2463 1793 2535 438.
1840 2485 1976 2536 una
2030 2464 2201 2536 falsa
2257 2466 2632 2558 explicatio

258 2568 465 2657 posita
505 2576 639 2650 est
680 2565 719 2634 o‘
754 2568 884 2661 τὴν
923 2564 1162 2636 αἰσίαν
1200 2566 1368 2636 ὁδὸν
1404 2562 1904 2661 πορευόμενος,
1949 2569 2165 2638 altera
2201 2590 2386 2651 vera,
2442 2568 2634 2665 παρὰ

256 2670 373 2741 τὸν
404 2672 557 2767 ἥσω
592 2671 961 2760 μέλλοντα.
1018 2671 1131 2740 -Ex
1171 2671 1278 2740 his
1318 2673 1518 2743 facile
1555 2673 1960 2764 intelligitur
1993 2670 2340 2769 Ἡσιόνην
2377 2673 2468 2743 ab
2503 2673 2629 2768 ὄνη

258 2772 502 2845 dictam
557 2794 752 2856 esse,
811 2795 992 2865 quae
1046 2775 1398 2845 usitatiore
1436 2777 1655 2846 forma
1697 2775 1937 2870 ὄνησις
1973 2786 2098 2845 est..
2178 2775 2267 2845 Et
2317 2779 2633 2870 profecto

260 2898 408 2948 num
461 2877 652 2970 quod
710 2878 934 2970 aptius
982 2877 1132 2948 dari
1177 2900 1433 2947 nomen
1470 2880 1695 2972 potuit
1733 2879 1845 2948 vel
1883 2878 2276 2949 Promethei
2327 2880 2630 2971 coniugi,

257 2982 492 3053 artium
531 2980 840 3052 omnium
877 2982 1277 3074 repertoris‚
1317 2983 1433 3050 vel
1470 2982 1787 3066 AtlantiS‚
1829 2983 2389 3075 perseverantiae
2426 3004 2633 3076 prae-

259 3086 381 3155 mia
421 3085 654 3168 laturi,
694 3085 799 3154 vel
846 3083 1028 3154 filiae
1066 3085 1588 3168 Laomedontis,
1629 3086 1897 3178 patriae
1937 3085 2327 3156 servandae
2383 3107 2630 3157 caussa

258 3199 554 3259 monstro
593 3188 859 3259 marino
897 3189 1304 3281 expositae?
1376 3187 1515 3258 Sed
1554 3188 1771 3259 redeo
1810 3189 1879 3257 in
1915 3190 2112 3258 viam.
2172 3189 2396 3260 Unum
2436 3200 2629 3260 recte

257 3292 627 3362 adhibitum
681 3302 788 3361 est
847 3291 1109 3362 dictum
1160 3292 1481 3362 Mercurii
1534 3314 1597 3362 v.
1645 3291 1817 3363 944.
1868 3301 1945 3362 ut
1999 3292 2088 3362 ad
2142 3314 2629 3387 praegressam

256 3395 677 3489 tragoediam
714 3395 1187 3466 referendum:

655 3501 956 3576 τοιοῖςδε
991 3501 1237 3590 μέντοι
1274 3498 1389 3570 καὶ
1426 3499 1594 3593 πρὶν
1632 3496 2170 3589 αὐθαδίσμασιν

657 3607 726 3679 ἐς
762 3601 958 3679 vdeo}
1004 3603 1267 3673 σαυτὸν
1302 3601 1627 3699 πημονὰς
1662 3599 2155 3698 καθώρμισας.

257 3706 564 3777 Attamen
615 3727 703 3777 eo
752 3706 917 3774 nihil
972 3705 1160 3776 aliud
1212 3704 1648 3800 proficimus,
1690 3724 1899 3798 quam
1952 3715 2026 3776 ut
2067 3707 2139 3776 in
2187 3706 2298 3777 illa
2347 3724 2627 3799 quoque

256 3810 602 3904 tragoedia
660 3810 1025 3903 superbius
1079 3821 1149 3879 et
1203 3809 1503 3881 ferocius
1566 3810 1873 3880 locutum
1930 3830 2088 3879 esse
2137 3807 2626 3881 Prometheum

257 3934 780 4007 cognoscamuS‚
823 3914 1228 4005 relinquitur
1267 3924 1532 3996 autem,
1582 3913 1651 3981 in
1691 3933 1831 4004 quo
1869 3912 2170 3982 maxime
2209 3912 2627 3985 haesitatum

257 4029 374 4102 est,
427 4038 565 4110 quo
620 4016 830 4088 modo
882 4018 1061 4088 clam
1113 4028 1472 4111 surreptus
1522 4016 1704 4109 ignis
1759 4025 2239 4109 argumentum
2285 4015 2625 4109 praebere

260 4122 546 4214 potuerit
581 4121 865 4215 dignum
904 4120 1280 4213 tragoedia.
1375 4118 1527 4191 Non
1581 4128 1749 4213 puto
1799 4114 2080 4189 difficile
2118 4140 2277 4190 esse
2315 4120 2406 4191 ad
2443 4118 2626 4192 hanc

257 4225 718 4316 quaestionem
772 4224 1223 4318 respondere.
1314 4224 1561 4295 Mirum
1617 4233 1725 4293 est
1777 4223 1993 4307 enim,
2048 4223 2239 4316 quod
2291 4235 2621 4317 quantum

260 4328 461 4398 sciam
498 4350 637 4401 non
674 4338 782 4399 est
819 4326 1397 4413 animadversum,
1437 4329 1657 4421 ipsum
1692 4324 2175 4397 Prometheum
2206 4329 2624 4421 gravissimis

260 4432 468 4503 verbis
507 4434 836 4504 extulisse
874 4432 1164 4515 facinuS‚
1206 4431 1296 4501 ad
1333 4431 1523 4524 quod
1560 4451 1811 4524 magna
1850 4452 2025 4523 opus
2063 4432 2267 4502 fuerit
2305 4430 2618 4510 audacia,

261 4535 573 4627 quodque
608 4537 910 4607 maxime
948 4537 1015 4605 in
1055 4555 1301 4605 caussa
1337 4536 1563 4618 fuerit,
1602 4545 1680 4604 ut
1718 4534 1869 4627 rupi
1897 4533 2151 4607 affixus
2179 4535 2622 4607 excruciare-

262 4649 383 4721 tur‚
422 4660 482 4708 v.
520 4638 685 4712 228.
