3328 5326
1300 373 1602 435 ATTIUS.
2521 374 2597 431 39
2611 374 2630 430 l

265 565 353 632 Et
406 564 475 634 in
515 562 1001 658 ponderitatem
1052 588 1113 658 p.
1166 568 1331 636 ⁴56.
1376 564 1570 657 quod
1621 586 1716 634 ex
1764 563 2110 658 probabili
2161 564 2648 635 emendatione

263 667 594 760 Madvigii
631 667 732 737 sic
770 667 1099 761 scriptum

1407 781 1468 841 et
1503 774 1737 842 cuncta
1766 771 1918 865 fieri
1954 774 2125 842 ce'ter
2127 795 2169 841 a
2300 793 2305 798 ·

583 870 922 943 Imbecilla
958 873 1036 943 ob
1069 873 1552 969 po'nderitatem
1584 874 2099 970 qrdvitatemque
2132 872 2437 945 nominis.

261 976 472 1070 Apud
526 977 823 1049 Nonium
877 976 1163 1048 hominis
1207 977 1459 1070 legitur
1496 989 1568 1049 et
1601 1002 1737 1050 non
1771 977 1945 1074 quod
1981 1001 2109 1071 pro
2146 977 2246 1048 ob.
2334 977 2650 1071 Denique

262 1081 454 1176 apud
495 1080 785 1152 Gellium
825 1082 973 1150 XX.
1011 1084 1078 1151 3.
1110 1081 1205 1152 de
1241 1082 1641 1167 sicinnistiS,
2136 1115 2140 1120 ·

1507 1184 1818 1256 nebuloso
1856 1185 2139 1256 nomine.

263 1288 418 1359 Alia
472 1308 754 1380 quoque
805 1288 1121 1358 eiusdem
1170 1298 1425 1382 poetae
1474 1290 1767 1384 scripta,
1819 1310 2113 1381 quorum
2162 1288 2650 1382 inscriptiones

262 1392 731 1463 alienissimae
778 1412 819 1461 a
868 1391 1065 1486 poesi
1114 1404 1311 1478 sunt,
1361 1393 1682 1465 versibus
1731 1392 2059 1463 videntur
2109 1393 2366 1486 scripta
2413 1391 2645 1462 fuisse.

259 1495 654 1567 Nominavit
691 1493 991 1588 Parerga
1028 1496 1441 1589 MadvigiuS,
1489 1496 1919 1568 mentionem
1972 1497 2238 1567 faciens
2284 1495 2651 1587 fragmenti

260 1599 798 1694 corruptissimi,
847 1599 1038 1691 quod
1074 1600 1259 1694 apud
1298 1600 1596 1673 Nonium
1635 1601 1704 1670 in
1734 1623 1979 1695 porcas
2022 1623 2089 1694 p.
2133 1603 2252 1671 65.
2296 1608 2649 1669 servatum
2670 1610 2768 1671 μ’·

258 1704 373 1788 sit,
415 1703 721 1785 sednon
758 1702 1127 1797 adscripsit
1159 1704 1403 1788 verba,
1441 1725 1623 1797 quae
1649 1704 1915 1775 Nonius
1953 1725 2039 1774 ex
2075 1704 2252 1774 libro
2288 1703 2510 1797 primo
2549 1703 2649 1771 sic

261 1807 525 1901 scripta
562 1806 795 1877 affert.-
834 1806 993 1876 bene
1017 1806 1391 1901 proscissus
1419 1807 1824 1902 cossiqerare
1851 1806 2085 1878 ordine
2103 1830 2372 1902 porcas,
2403 1805 2651 1876 bidenti

257 1910 444 2004 ferro
482 1918 695 1981 rectas
731 1908 1063 1980 dereuere.
1122 1912 1200 1980 ln
1224 1911 1720 1983 vetustioribus·
1745 1912 2166 1982 editionibus
2204 1910 2457 2001 legitur
2492 1908 2651 1979 bene
2704 1981 2713 1992 ,

255 2013 449 2108 prosi
493 2013 708 2084 sulcos
760 2013 1073 2107 siyerare.
1150 2013 1490 2086 Videntur
1536 2014 1713 2085 haec
1768 2016 2073 2086 numeris
2126 2014 2499 2084 trochaicis
2549 2011 2650 2082 sic

259 2116 638 2204 scribenda
674 2138 864 2188 esse:

992 2219 1152 2291 bene
1179 2220 1550 2316 proscissus
1582 2221 1802 2292 sulcos
1835 2221 2102 2316 siynare
2138 2220 2393 2305 ordine,

581 2322 669 2394 Et
694 2346 942 2418 porcas
978 2322 1226 2395 bidenti
1260 2323 1444 2395 sulco
1465 2328 1694 2397 rectas
1729 2325 2025 2396 deruere.

261 2428 413 2499 Nec
449 2425 641 2520 quod
679 2449 770 2497 ex
799 2426 1017 2498 Plinio
1048 2428 1248 2499 affert
1275 2429 1667 2521 Madvigius
1704 2430 1855 2499 aliis
1892 2427 2310 2506 crediderim
2346 2430 2655 2499 numeris

263 2533 519 2615 fuisse,
573 2531 690 2623 qui
740 2531 809 2600 in
865 2532 943 2602 H.
990 2531 1069 2601 N.
1115 2532 1342 2602 XVlll.
1393 2535 1515 2617 55,
1556 2535 1732 2606 200.
1777 2534 1876 2604 sic
1932 2533 2202 2603 scribit:
2275 2529 2520 2601 adiecit
2568 2530 2655 2601 iis

263 2634 486 2707 Attius
528 2634 604 2706 in
639 2630 1001 2707 Praxidica
1019 2691 1035 2721 ,
1084 2647 1158 2706 ut
1199 2644 1561 2723 sereretur,
1616 2660 1819 2732 quum
1857 2635 2019 2707 luna
2067 2643 2233 2708 esset
2279 2634 2353 2707 in
2403 2632 2651 2720 Ariete,

265 2737 597 2823 Geminis,
639 2737 889 2824 Leone,
932 2737 1174 2817 Libra,
1214 2739 1533 2834 Aquario,
1618 2744 1877 2835 Sponte
1930 2743 2114 2811 enim
2168 2763 2246 2811 se
2292 2740 2446 2810 talis
2484 2740 2658 2810 scri-

265 2855 468 2937 ptura
505 2842 737 2913 offert:

1509 2950 1616 3016 se'r
1617 2970 1692 3015 er
1693 2970 1750 3031 e,
1793 2970 1995 3040 quum
2031 2957 2125 3016 est

580 3038 836 3119 Lunu
809 3072 884 3118 in
918 3045 1165 3133 Ariete,
1207 3045 1526 3134 Geminis,
1566 3047 1810 3134 Leo'ne,
1853 3047 2084 3134 Libra,
2123 3046 2443 3144 Aquario.

263 3153 776 3225 Adsciibuntur
810 3152 998 3222 Attio
1037 3152 1247 3222 etiam
1283 3152 1620 3236 AnnaleS,
1670 3153 1787 3245 qui
1840 3152 2078 3245 scripti
2122 3159 2399 3224 luerunt
2433 3151 2659 3222 versi-

264 3260 399 3330 bus
435 3256 755 3327 heroicis.
834 3254 1017 3339 Quid
1074 3255 1314 3349 igitur,
1352 3258 1413 3327 si
1448 3277 1540 3326 ne
1575 3256 2014 3327 Didascalica
2051 3254 2339 3350 quidem
2374 3276 2654 3351 prosam

265 3361 656 3432 orationem
714 3359 1160 3430 habuerunt?
1251 3358 1455 3431 Certe
1506 3360 1698 3453 quod
1751 3360 1992 3430 Cicero
2044 3361 2113 3429 in
2162 3360 2376 3431 Bruto
2424 3359 2658 3452 posuit

267 3489 325 3535 c.
370 3467 490 3547 ⁴8,
521 3463 644 3536 72.
690 3461 908 3533 Attius
953 3471 1174 3533 autem
1208 3487 1253 3534 a
1288 3461 1366 3547 Q.
1404 3461 1703 3534 Maximo
1750 3463 2049 3559 quintum
2086 3462 2353 3534 consule
2390 3471 2656 3558 captum

275 3567 557 3639 Tarento
610 3566 877 3662 scripsit
915 3563 1181 3637 Livium
1235 3567 1430 3638 annis
1467 3563 1662 3636 XXX
1704 3576 1857 3663 post
1905 3591 2105 3662 quam
2157 3590 2308 3639 eum
2353 3565 2656 3662 fabulam

268 3671 571 3742 docuisse
608 3679 669 3741 et
705 3670 961 3741 Atticus
994 3669 1224 3741 scribit
1275 3679 1338 3741 et
1384 3694 1504 3741 nos
1552 3670 1624 3740 in
1676 3670 1965 3766 avitiquis
2010 3669 2500 3741 commentariis
2547 3668 2657 3738 in-

266 3774 590 3860 venimus,
627 3784 702 3844 et
738 3795 796 3844 c.
834 3773 955 3856 64,
990 3775 1161 3847 229.
1204 3771 1422 3845 Attius
1466 3773 1703 3845 iisdem
1742 3774 2068 3845 aedilibus
2107 3774 2202 3844 ait
2235 3799 2305 3844 se
2341 3784 2401 3843 et
2439 3770 2657 3842 Pacu-

269 3878 449 3950 vium
485 3877 785 3948 docuisse
819 3877 862 3972 s
853 3876 1144 3962 ebulum,
1185 3899 1388 3972 quum
1420 3877 1537 3948 ille
1574 3878 1924 3973 octoqinta,
1961 3877 2104 3973 ipse
2141 3876 2411 3972 triqintu
2448 3900 2659 3947 annos

270 3990 466 4053 natus
512 3989 712 4066 esset,
767 3981 898 4051 etsi
944 3990 1080 4050 tam
1130 3980 1426 4074 diligens
1462 3982 1728 4053 notatio
1765 4003 2106 4053 annorum
2143 4002 2313 4052 sane
2350 3981 2579 4051 aliena
2616 4002 2657 4051 a

270 4086 467 4179 poesi
518 4095 657 4169 est,
713 4094 944 4154 tamen
996 4106 1136 4155 non
1177 4084 1393 4154 habet
1428 4107 1568 4178 quo
1603 4107 1746 4157 non
1782 4084 2088 4180 potuerit
2125 4084 2335 4155 inseri
2372 4084 2659 4155 carmini

273 4211 411 4261 non
449 4188 679 4282 magni
719 4188 1021 4282 spirituS,
1063 4198 1297 4282 atque,
1337 4198 1414 4261 ut
1449 4189 1750 4273 videtur,
1790 4190 1846 4260 si
1884 4199 2182 4260 metrum
2220 4189 2498 4273 demas,
2537 4188 2659 4258 vix

276 4314 314 4361 a
357 4313 567 4385 prosa
622 4292 935 4362 oratione
988 4291 1291 4363 diverso.
1381 4291 1627 4386 Neque
1682 4312 1854 4364 vero
1907 4292 2186 4364 obstant
2238 4292 2414 4363 haec
2471 4291 2658 4387 apud

276 4396 564 4466 Gellium
591 4395 698 4466 111.
727 4398 793 4466 3.
822 4416 1004 4489 quae
1033 4417 1128 4465 ex
1146 4394 1600 4467 Didascalicis
1629 4407 1904 4513 sumpta
1930 4406 2288 4490 putantur:
2326 4395 2656 4468 Mentem

290 4497 492 4569 Varro
539 4498 613 4569 in
663 4497 833 4569 libro
881 4498 962 4569 de
1012 4498 1367 4569 comoediis
1405 4495 1739 4571 Plautinis
1780 4500 2004 4596 primo
2043 4499 2208 4571 Attii
2241 4498 2439 4571 verba
2489 4496 2657 4567 haec

270 4602 488 4694 ponit.-
542 4625 699 4672 nam
747 4626 869 4673 nee
915 4600 1180 4672 Gemini
1228 4626 1347 4671 nec
1384 4600 1441 4671 L
1444 4626 1638 4674 eones
1684 4627 1804 4674 nec
1859 4601 2260 4699 Condalium
2303 4625 2422 4672 nee
2467 4600 2656 4669 Anus

3244 4854 3278 5019 ἠε-’Ἧι
3249 4544 3278 4807 Fiam—..m
3258 4394 3263 4495 „„„
