3328 5326
673 324 802 385 238
1650 323 2075 385 EURIPIDES.

673 515 943 608 cipere,
1000 536 1138 604 non
1190 526 1296 585 est
1341 517 1734 587 obscurum.
1827 516 2053 586 Sensit
2098 515 2230 585 hoc
2269 516 2697 607 HartunguS,
2737 515 2866 584 sed
2902 536 3037 606 qua

676 619 787 689 ille
825 619 1092 688 ratione
1130 640 1374 691 versus
1404 619 1792 702 collocavit,
1834 640 1916 689 ea
1955 641 2097 690 non
2126 619 2453 689 videntur
2489 618 2719 689 omnia
2756 619 2849 687 ita
2885 639 3043 711 pro-

675 721 956 805 cedere,
998 732 1072 792 ut
1107 722 1273 791 nihil
1310 719 1864 793 inconcinnitatis
1904 724 2347 814 relinquatur.
2433 723 2583 814 Ego
2633 722 2918 813 quidem
2971 742 3044 791 re

676 835 1002 896 accurate
1055 846 1435 918 perpensa,
1491 836 1857 918 postquam
1903 826 2335 919 Agamemno
2387 825 2718 917 quaesivit
2768 846 2862 894 ex
2912 823 3049 894 filia

679 928 847 1020 quid
900 927 1099 1013 fleat,
1152 930 1251 999 sic
1305 929 1625 1000 existimo
1678 931 2189 1001 confessionem
2242 929 2502 999 fraudis
2557 928 2646 999 ab
2694 950 2779 998 eo
2818 937 3050 998 extor-

679 1053 911 1123 queri:

937 1170 1184 1239 KAY.
1232 1169 1394 1261 φεῦ,

686 1273 879 1341 4430
935 1270 1060 1341 τίν’
1104 1272 1190 1340 ἂν
1228 1270 1515 1363 λάβοιμι
1551 1273 1697 1342 τῶν
1733 1274 1921 1363 ἐμῶν
1959 1270 2177 1367 ἀρχὴν
2214 1270 2434 1361 λόγων
2453 1302 2478 1366 ,·

939 1374 1156 1444 ἅπασι
1191 1373 1321 1469 γὰρ
1359 1371 1708 1469 πρώτοισι
1742 1374 2148 1471 χρήσασθαι
2186 1373 2404 1469 πάρα,

937 1479 1064 1547 κάν
1102 1475 1476 1548 ὑστάτοισι
1511 1479 1637 1548 κάν
1675 1480 1953 1568 μέσοισι
1989 1479 2383 1565 πανταχοῦ.

936 1581 1105 1650 ΑΓ.
1148 1578 1223 1649 τί
1257 1580 1315 1648 δ’
1357 1580 1719 1677 ἠδίκησαι,
1777 1581 1936 1651 ΚΛ
1946 1584 2026 1651 Υ.
2078 1582 2263 1650 τοῦτ’
2305 1583 2480 1671 ἐμοῦ
2516 1576 2767 1653 πεῦθει
2803 1581 3045 1677 πάρα,

940 1684 978 1752 ὁ
1017 1684 1183 1758 νοῦς
1221 1682 1321 1752 ὅδ’
1366 1683 1579 1760 αὐτὸς
1613 1683 1786 1753 νοῦν
1825 1682 1995 1770 ἔχων
2034 1684 2117 1752 οὐ
2154 1681 2500 1772 τυγχάνει.

684 1788 882 1856 4435
939 1786 1109 1856 ΑΓ.
1153 1784 1230 1854 τί
1262 1788 1324 1855 δ’
1367 1786 1594 1880 ἔστιν,
1637 1786 1728 1864 ὥς
1754 1812 1882 1877 μοι
1918 1781 2171 1862 πάντες
2206 1788 2305 1863 εἰς
2342 1788 2418 1857 ἓν
2450 1787 2682 1883 ἥκετε,

943 1886 1269 1979 σύγχυσιν
1308 1889 1578 1977 ἔχοντες
1613 1888 1729 1958 καὶ
1764 1886 2129 1983 ταραγμὸν
2167 1887 2536 1979 ὀμμάτων.

940 1993 1094 2062 ΚΛ
1107 1995 1187 2062 Υ.
1232 1988 1360 2083 εἶφ’
1403 1993 1490 2061 ἂν
1527 1990 1853 2087 ἐρωτήσω
1896 2018 1965 2061 σε
2004 1990 2360 2081 γενναίως,
2405 1991 2598 2064 πόσι.

939 2096 1109 2164 ΑΓ.
1157 2093 1240 2165 σὺ
1278 2096 1341 2164 δ’
1381 2093 1543 2190 ἤνγ
1501 2096 1859 2189 γέρωτᾷς
1894 2092 2125 2182 εἰκότ’,
2169 2089 2365 2165 εἰκότ’
2408 2097 2495 2166 ἄν
2530 2095 2786 2175 κλύοις.

942 2198 1187 2268 ΚΛΥ.
1235 2198 1359 2267 οὐκ
1396 2196 1531 2268 ἄλλ’
1573 2199 1836 2293 ἐρωτῶ,
1879 2197 1994 2268 καὶ
2035 2195 2119 2266 σὺ
2153 2197 2249 2293 μὴ
2290 2201 2412 2289 λέγ
2456 2200 2627 2270 ἄλλα
2661 2226 2814 2289 μοι.

691 2301 885 2372 4440
942 2300 1108 2370 ΛΓ.
1155 2300 1355 2370 οὐδὲν
1392 2301 1769 2391 κελευσμοῦ
1809 2302 1914 2370 δεῖ
1940 2303 2041 2392 μ’·
2084 2302 2487 2394 ἐρωτᾶσθαι
2525 2305 2737 2374 θέλω.

941 2406 1048 2472 Κ
1040 2403 1096 2471 4
1108 2404 1189 2472 Υ
1225 2403 1353 2497 τὴν
1380 2406 1596 2474 παῖδα
1631 2403 1762 2498 τὴν
1802 2403 1928 2498 σὴν
1964 2401 2098 2500 τήν
2133 2404 2188 2472 τ’
2229 2404 2403 2500 ἐμήν
2435 2408 2697 2496 μέλλεις
2733 2412 3025 2479 κτανεῖν
3039 2436 3063 2502 3

944 2507 1113 2575 ΛΓ.
1159 2505 1264 2590 ἔα,

942 2601 1259 2703 τλήμονα
1292 2609 1345 2697 γ’
1389 2608 1613 2691 ἔλεξας
1647 2609 1973 2687 ὑπονοεῖς
2006 2610 2106 2680 θ’.
2168 2612 2273 2681 Κ
2265 2613 2320 2680 sl
2334 2614 2414 2682 Υ.
2460 2611 2542 2701 ἔχ’
2584 2612 2872 2709 ἥσυχος,

945 2708 1213 2781 κάκεῖνό
1249 2737 1378 2800 μοι
1411 2710 1494 2781 τὸ
1532 2713 1815 2807 πρῶτον
1852 2710 2228 2806 ἀπόκριναι
2263 2712 2499 2785 πάλιν.

693 2815 887 2887 4445
943 2804 1112 2884 ΑΓ.
1160 2809 1212 2884 ὦ
1247 2808 1504 2884 πότνια
1539 2821 1759 2910 μοῖρα
1796 2843 1910 2885 και
1945 2814 2150 2912 τύχη,
2195 2816 2466 2907 δαίμων
2502 2819 2556 2888 τ’
2598 2817 2790 2910 ἐμός.

945 2921 1049 2987 Κ
1045 2917 1099 2986 sl
1110 2919 1178 2987 T
1175 2970 1192 2987 .
1235 2912 1456 3006 κάμός
1490 2943 1565 3006 γε
1600 2918 1715 2987 καὶ
1751 2919 1941 3013 τῆςδ’
1952 2969 1976 3007 ,
2020 2919 2117 2997 εἶς
2152 2920 2368 3014 τριῶν
2405 2921 2916 3013 δυςδαιμόνων.

942 3020 1112 3091 ΑΓ.
1158 3017 1661 3110 ἀπωλόμεσθα·
1708 3023 2125 3116 προδέδοται
2160 3023 2249 3092 τὰ
2286 3023 2556 3117 κρυπτά
2591 3052 2761 3116 μου.

689 3127 822 3197 Res
893 3126 1043 3218 ipsa
1107 3123 1423 3214 loquitur.
1518 3125 1750 3208 Quare
1802 3124 1934 3195 hoc
2003 3135 2270 3196 tantum
2322 3125 2543 3212 addo,
2597 3128 2896 3200 eiecisse
2953 3152 3066 3199 me

689 3252 753 3301 v.
793 3228 1011 3298 4443.
1048 3226 1092 3294 ἃ
1129 3225 1229 3321 μή
1270 3251 1344 3296 σε
1378 3224 1536 3323 χρή,
1579 3251 1759 3319 quae
1797 3229 2188 3320 explendae
2241 3232 2625 3302 sententiae
2666 3253 2923 3303 caussa
2962 3233 3068 3303 vi-

690 3333 941 3404 dentur
991 3329 1341 3421 adscripta
1379 3331 1626 3416 fuisse,
1674 3330 1861 3402 unde
1898 3331 1982 3418 ἔχ’
2025 3331 2278 3427 ἥσυχος
2315 3355 2440 3424 pro
2478 3335 2807 3428 singulari
2846 3357 3067 3407 versu

689 3436 1019 3506 habitum.
1085 3433 1313 3524 Atque
1352 3434 1575 3526 aptius
1613 3445 1741 3519 est,
1776 3434 2195 3526 interpellari
2233 3435 2666 3509 dissimulare
2702 3439 3065 3511 volentem

689 3539 857 3633 quid
892 3539 979 3609 sit
1014 3535 1467 3607 machinatus,

897 3676 974 3745 V.
1013 3676 1232 3745 4459.
1266 3673 1736 3757 scribendum,

531 3844 669 3904 {mo
1050 3804 1309 3897 βρέφος
1343 3829 1417 3872 τε
1454 3802 1724 3893 τούμὸν
1761 3803 1896 3886 ζῶν
1930 3803 2397 3898 προςούδισας
2432 3804 2659 3897 πάλῳ,

692 3934 990 4026 Egregia
1028 3931 1362 4023 Scaligeri
1401 3933 1801 4002 coniectura
1828 3941 1935 4002 est
1959 3932 2448 4027 προςουδίσας,
2494 3935 2610 4026 qui
2649 3944 2882 4005 tamen
2920 3956 3067 4006 non

693 4037 999 4108 debebat
1033 4034 1227 4126 πάλῳ
1266 4035 1336 4103 in
1372 4036 1551 4127 πέδῳ
1588 4044 1891 4119 mutare3
1937 4036 2249 4106 Iacobsio
2288 4048 2519 4108 autem
2558 4037 2852 4108 debetur
2890 4040 3060 4123 ζῶν.

692 4140 962 4210 Deinde
1011 4162 1076 4208 v.
1115 4140 1332 4208 4464.
1378 4148 1569 4208 recte
1615 4137 2095 4222 MarklanduS,
2148 4139 2264 4209 καὶ
2314 4140 2412 4210 τώ
2466 4138 2647 4218 Διός
2699 4167 2767 4211 σε
2828 4142 3065 4229 παῖδ’,

694 4241 837 4334 ἐμω
890 4241 962 4312 δὲ
1015 4238 1320 4330 συγγόνω
1376 4247 1650 4340 ἵπποισι
1707 4241 2172 4337 μαρμαίροντ’
2228 4243 2896 4339 ἐπεστρατευσάτην.
2984 4245 3063 4313 V.

700 4348 919 4416 4465.
968 4344 1411 4415 scribendum
1457 4344 1562 4421 οἶς
1606 4369 1720 4413 σοι
1767 4348 2349 4434 καταλλαχθεῖσα.
2435 4346 2513 4415 V.
2552 4346 2769 4418 4476.
2814 4347 3069 4440 displi-

696 4457 858 4520 cent
904 4448 1042 4519 duo
1092 4448 1398 4518 continui
1449 4447 1836 4540 anapaesti,
1880 4459 1952 4519 ut
1988 4457 2293 4541 praestet
2323 4448 2622 4546 Ἑλένην
2657 4451 3059 4527 Μενέλεως.

695 4552 961 4625 Ibidem
996 4550 1439 4623 scribendum
1478 4561 1677 4645 puto:
1762 4646 1769 4653 .
2332 4585 2339 4592 ·
