<?xml version="1.0" encoding="UTF-8"?>
<!DOCTYPE html PUBLIC "-//W3C//DTD XHTML 1.0 Transitional//EN"
    "http://www.w3.org/TR/xhtml1/DTD/xhtml1-transitional.dtd">
<html xmlns="http://www.w3.org/1999/xhtml" xml:lang="en" lang="en">
 <head>
  <title>
</title>
<meta http-equiv="Content-Type" content="text/html;charset=utf-8" />
  <meta name='ocr-system' content='tesseract 3.04.00' />
  <meta name='ocr-capabilities' content='ocr_page ocr_carea ocr_par ocr_line ocrx_word'/>
</head>
<body>
  <div class='ocr_page' id='page_1' title='image "./godofrediherman02hermgoog/godofrediherman02hermgoog_0152.png"; bbox 0 0 3328 5326; ppageno 0'>
   <div class='ocr_carea' id='block_1_1' title="bbox 626 346 2104 437">
    <p class='ocr_par' dir='ltr' id='par_1_1' title="bbox 626 346 2104 437">
     <span class='ocr_line' id='line_1_1' title="bbox 626 346 2104 437; baseline 0.003 -4"><span class='ocrx_word' id='word_1_1' title='bbox 626 346 630 349; x_wconf 79' lang='grc'><strong>’</strong></span> <span class='ocrx_word' id='word_1_2' title='bbox 685 372 804 436; x_wconf 70' lang='lat'><strong>⁴34</strong></span> <span class='ocrx_word' id='word_1_3' title='bbox 1595 370 2104 437; x_wconf 59' lang='grc' dir='ltr'><strong>,ΑΕεοιιηω</strong></span> 
     </span>
    </p>
   </div>
   <div class='ocr_carea' id='block_1_2' title="bbox 556 560 3071 4680">
    <p class='ocr_par' dir='ltr' id='par_1_2' title="bbox 556 560 3071 4680">
     <span class='ocr_line' id='line_1_2' title="bbox 679 560 3056 659; baseline 0 -24"><span class='ocrx_word' id='word_1_4' title='bbox 679 563 950 648; x_wconf 72' lang='lat' dir='ltr'><strong>Iliadis,</strong></span> <span class='ocrx_word' id='word_1_5' title='bbox 990 584 1171 656; x_wconf 79' lang='lat' dir='ltr'><strong>quae</strong></span> <span class='ocrx_word' id='word_1_6' title='bbox 1206 584 1351 634; x_wconf 85' lang='lat' dir='ltr'><strong>non</strong></span> <span class='ocrx_word' id='word_1_7' title='bbox 1389 573 1497 635; x_wconf 86' lang='lat' dir='ltr'><strong>est</strong></span> <span class='ocrx_word' id='word_1_8' title='bbox 1528 560 1845 649; x_wconf 80' lang='lat' dir='ltr'>Homeri,</span> <span class='ocrx_word' id='word_1_9' title='bbox 1897 565 2232 636; x_wconf 79' lang='lat' dir='ltr'><strong>memoria</strong></span> <span class='ocrx_word' id='word_1_10' title='bbox 2268 564 2455 659; x_wconf 88' lang='lat' dir='ltr'><strong>apud</strong></span> <span class='ocrx_word' id='word_1_11' title='bbox 2490 564 2931 635; x_wconf 68' lang='lat' dir='ltr'><strong>Aristotelem</strong></span> <span class='ocrx_word' id='word_1_12' title='bbox 2965 564 3056 635; x_wconf 79' lang='lat' dir='ltr'><strong>de</strong></span> 
     </span>
     <span class='ocr_line' id='line_1_3' title="bbox 679 662 3055 762; baseline -0 -22"><span class='ocrx_word' id='word_1_13' title='bbox 679 678 832 740; x_wconf 84' lang='lat' dir='ltr'><strong>arte</strong></span> <span class='ocrx_word' id='word_1_14' title='bbox 881 668 1156 762; x_wconf 84' lang='lat' dir='ltr'><strong>poetica</strong></span> <span class='ocrx_word' id='word_1_15' title='bbox 1195 688 1256 736; x_wconf 90' lang='lat' dir='ltr'><strong>c.</strong></span> <span class='ocrx_word' id='word_1_16' title='bbox 1295 670 1409 738; x_wconf 76' lang='grc'><strong>15.</strong></span> <span class='ocrx_word' id='word_1_17' title='bbox 1457 668 1609 739; x_wconf 88' lang='lat' dir='ltr'><strong>sive</strong></span> <span class='ocrx_word' id='word_1_18' title='bbox 1658 687 1865 739; x_wconf 83' lang='lat' dir='ltr'><strong>meae</strong></span> <span class='ocrx_word' id='word_1_19' title='bbox 1908 668 2023 741; x_wconf 86' lang='lat' dir='ltr'><strong>ed</strong></span> <span class='ocrx_word' id='word_1_20' title='bbox 2075 666 2704 762; x_wconf 67' lang='grc' dir='ltr'><strong>18,12.φανερὸν</strong></span> <span class='ocrx_word' id='word_1_21' title='bbox 2764 662 2890 737; x_wconf 74' lang='grc' dir='ltr'><strong>οὖν</strong></span> <span class='ocrx_word' id='word_1_22' title='bbox 2944 666 3055 742; x_wconf 73' lang='grc' dir='ltr'><strong>ὅτι</strong></span> 
     </span>
     <span class='ocr_line' id='line_1_4' title="bbox 677 766 3058 896; baseline -0.001 -54"><span class='ocrx_word' id='word_1_23' title='bbox 677 771 796 842; x_wconf 73' lang='grc' dir='ltr'><em>καὶ</em></span> <span class='ocrx_word' id='word_1_24' title='bbox 855 768 983 849; x_wconf 84' lang='grc' dir='ltr'><strong>τὰς</strong></span> <span class='ocrx_word' id='word_1_25' title='bbox 1028 768 1260 848; x_wconf 80' lang='grc' dir='ltr'><strong><em>λύσεις</em></strong></span> <span class='ocrx_word' id='word_1_26' title='bbox 1305 771 1450 841; x_wconf 66' lang='grc' dir='ltr'><strong>τῶν</strong></span> <span class='ocrx_word' id='word_1_27' title='bbox 1490 769 1752 862; x_wconf 70' lang='grc' dir='ltr'><strong>μύθων</strong></span> <span class='ocrx_word' id='word_1_28' title='bbox 1803 776 1872 854; x_wconf 75' lang='grc' dir='ltr'><strong>ἐξ</strong></span> <span class='ocrx_word' id='word_1_29' title='bbox 1909 771 2132 857; x_wconf 76' lang='grc' dir='ltr'><em>αὐτοῦ</em></span> <span class='ocrx_word' id='word_1_30' title='bbox 2169 773 2276 842; x_wconf 83' lang='grc' dir='ltr'><strong>δεῖ</strong></span> <span class='ocrx_word' id='word_1_31' title='bbox 2305 771 2437 841; x_wconf 80' lang='grc' dir='ltr'><strong>τοῦ</strong></span> <span class='ocrx_word' id='word_1_32' title='bbox 2472 766 2720 862; x_wconf 75' lang='grc' dir='ltr'><strong><em>μύθου</em></strong></span> <span class='ocrx_word' id='word_1_33' title='bbox 2758 768 3058 896; x_wconf 62' lang='grc' dir='ltr'><em>συμβαί-</em></span> 
     </span>
     <span class='ocr_line' id='line_1_5' title="bbox 679 869 3058 1001; baseline -0.001 -56"><span class='ocrx_word' id='word_1_34' title='bbox 679 899 871 960; x_wconf 74' lang='grc' dir='ltr'><strong>νειν,</strong></span> <span class='ocrx_word' id='word_1_35' title='bbox 921 872 1040 944; x_wconf 76' lang='grc' dir='ltr'><strong>καὶ</strong></span> <span class='ocrx_word' id='word_1_36' title='bbox 1081 870 1181 969; x_wconf 79' lang='grc' dir='ltr'><strong>μὴ</strong></span> <span class='ocrx_word' id='word_1_37' title='bbox 1227 873 1454 1001; x_wconf 72' lang='grc' dir='ltr'><strong>ὥςπερ</strong></span> <span class='ocrx_word' id='word_1_38' title='bbox 1500 878 1579 945; x_wconf 74' lang='grc' dir='ltr'><strong>ἐν</strong></span> <span class='ocrx_word' id='word_1_39' title='bbox 1625 874 1721 968; x_wconf 78' lang='grc' dir='ltr'><strong>τῇ</strong></span> <span class='ocrx_word' id='word_1_40' title='bbox 1750 872 2086 971; x_wconf 80' lang='grc' dir='ltr'><em>Μηδείᾳ,</em></span> <span class='ocrx_word' id='word_1_41' title='bbox 2130 872 2271 945; x_wconf 78' lang='grc' dir='ltr'><strong>ἀπὸ</strong></span> <span class='ocrx_word' id='word_1_42' title='bbox 2309 871 2666 989; x_wconf 67' lang='grc' dir='ltr'><em>μηχανῆς,</em></span> <span class='ocrx_word' id='word_1_43' title='bbox 2708 871 2822 942; x_wconf 66' lang='grc' dir='ltr'><em>καὶ</em></span> <span class='ocrx_word' id='word_1_44' title='bbox 2859 874 2939 943; x_wconf 69' lang='grc' dir='ltr'><strong>ἐν</strong></span> <span class='ocrx_word' id='word_1_45' title='bbox 2970 869 3058 968; x_wconf 79' lang='grc' dir='ltr'><strong>τῇ</strong></span> 
     </span>
     <span class='ocr_line' id='line_1_6' title="bbox 673 974 3058 1071; baseline 0 -23"><span class='ocrx_word' id='word_1_46' title='bbox 673 974 925 1048; x_wconf 74' lang='grc' dir='ltr'><em>Ἰλιάδι</em></span> <span class='ocrx_word' id='word_1_47' title='bbox 955 974 1048 1046; x_wconf 83' lang='grc' dir='ltr'><strong>τὰ</strong></span> <span class='ocrx_word' id='word_1_48' title='bbox 1083 976 1242 1071; x_wconf 78' lang='grc' dir='ltr'><strong>περὶ</strong></span> <span class='ocrx_word' id='word_1_49' title='bbox 1274 974 1402 1045; x_wconf 71' lang='grc' dir='ltr'><strong>τὸν</strong></span> <span class='ocrx_word' id='word_1_50' title='bbox 1437 974 1827 1048; x_wconf 72' lang='grc' dir='ltr'><strong>ἀπόπλουν.</strong></span> <span class='ocrx_word' id='word_1_51' title='bbox 1889 977 2015 1048; x_wconf 86' lang='lat' dir='ltr'><strong>Hic</strong></span> <span class='ocrx_word' id='word_1_52' title='bbox 2042 977 2351 1070; x_wconf 85' lang='lat' dir='ltr'><strong>quidem,</strong></span> <span class='ocrx_word' id='word_1_53' title='bbox 2381 976 2512 1046; x_wconf 77' lang='lat' dir='ltr'><strong>etsi</strong></span> <span class='ocrx_word' id='word_1_54' title='bbox 2540 975 2772 1047; x_wconf 80' lang='lat' dir='ltr'>Iliadis</span> <span class='ocrx_word' id='word_1_55' title='bbox 2795 994 3058 1068; x_wconf 74' lang='lat' dir='ltr'><strong>parvae</strong></span> 
     </span>
     <span class='ocr_line' id='line_1_7' title="bbox 678 1077 3060 1195; baseline -0 -44"><span class='ocrx_word' id='word_1_56' title='bbox 678 1081 918 1151; x_wconf 85' lang='lat' dir='ltr'><strong>ultima</strong></span> <span class='ocrx_word' id='word_1_57' title='bbox 963 1100 1125 1172; x_wconf 84' lang='lat' dir='ltr'><strong>pars</strong></span> <span class='ocrx_word' id='word_1_58' title='bbox 1172 1077 1528 1158; x_wconf 77' lang='grc' dir='ltr'><strong><em>ἀπόπλους</em></strong></span> <span class='ocrx_word' id='word_1_59' title='bbox 1577 1080 1738 1165; x_wconf 84' lang='lat' dir='ltr'><strong>fuit,</strong></span> <span class='ocrx_word' id='word_1_60' title='bbox 1792 1091 2059 1165; x_wconf 86' lang='lat' dir='ltr'><strong>tamen,</strong></span> <span class='ocrx_word' id='word_1_61' title='bbox 2107 1080 2297 1172; x_wconf 87' lang='lat' dir='ltr'><strong>quod</strong></span> <span class='ocrx_word' id='word_1_62' title='bbox 2334 1102 2475 1151; x_wconf 87' lang='lat' dir='ltr'><strong>non</strong></span> <span class='ocrx_word' id='word_1_63' title='bbox 2514 1089 2849 1195; x_wconf 75' lang='lat' dir='ltr'><strong>appareat</strong></span> <span class='ocrx_word' id='word_1_64' title='bbox 2880 1099 3060 1171; x_wconf 80' lang='lat' dir='ltr'><strong>quo-</strong></span> 
     </span>
     <span class='ocr_line' id='line_1_8' title="bbox 678 1181 3059 1277; baseline 0 -24"><span class='ocrx_word' id='word_1_65' title='bbox 678 1184 890 1255; x_wconf 90' lang='lat' dir='ltr'><strong>modo</strong></span> <span class='ocrx_word' id='word_1_66' title='bbox 927 1182 1021 1253; x_wconf 86' lang='lat' dir='ltr'><strong>de</strong></span> <span class='ocrx_word' id='word_1_67' title='bbox 1052 1181 1471 1252; x_wconf 80' lang='lat' dir='ltr'><strong>machinam</strong></span> <span class='ocrx_word' id='word_1_68' title='bbox 1500 1184 1810 1254; x_wconf 85' lang='lat' dir='ltr'><strong>carmine</strong></span> <span class='ocrx_word' id='word_1_69' title='bbox 1835 1184 2037 1277; x_wconf 88' lang='lat' dir='ltr'><strong>epico</strong></span> <span class='ocrx_word' id='word_1_70' title='bbox 2066 1184 2352 1276; x_wconf 78' lang='lat' dir='ltr'><strong>cogitari</strong></span> <span class='ocrx_word' id='word_1_71' title='bbox 2379 1183 2619 1276; x_wconf 79' lang='lat' dir='ltr'><strong>possit,</strong></span> <span class='ocrx_word' id='word_1_72' title='bbox 2653 1182 3059 1253; x_wconf 77' lang='lat' dir='ltr'><strong>wolckerus</strong></span> 
     </span>
     <span class='ocr_line' id='line_1_9' title="bbox 679 1283 3065 1379; baseline -0.001 -22"><span class='ocrx_word' id='word_1_73' title='bbox 679 1287 751 1356; x_wconf 88' lang='lat' dir='ltr'><strong>in</strong></span> <span class='ocrx_word' id='word_1_74' title='bbox 795 1287 969 1357; x_wconf 78' lang='lat' dir='ltr'><strong>Mus,</strong></span> <span class='ocrx_word' id='word_1_75' title='bbox 1017 1284 1236 1356; x_wconf 86' lang='lat' dir='ltr'><strong>Rhen.</strong></span> <span class='ocrx_word' id='word_1_76' title='bbox 1269 1284 1346 1355; x_wconf 92' lang='lat' dir='ltr'><strong>V.</strong></span> <span class='ocrx_word' id='word_1_77' title='bbox 1398 1289 1464 1357; x_wconf 85' lang='lat'><strong>3.</strong></span> <span class='ocrx_word' id='word_1_78' title='bbox 1515 1309 1585 1379; x_wconf 85' lang='lat' dir='ltr'><strong>p.</strong></span> <span class='ocrx_word' id='word_1_79' title='bbox 1640 1286 1807 1361; x_wconf 78' lang='grc'><strong>492.</strong></span> <span class='ocrx_word' id='word_1_80' title='bbox 1852 1309 2009 1359; x_wconf 89' lang='lat' dir='ltr'><strong>cum</strong></span> <span class='ocrx_word' id='word_1_81' title='bbox 2065 1283 2580 1359; x_wconf 85' lang='lat' dir='ltr'><strong>Graefenhanio</strong></span> <span class='ocrx_word' id='word_1_82' title='bbox 2630 1285 3065 1379; x_wconf 78' lang='lat' dir='ltr'><strong>tragoediam</strong></span> 
     </span>
     <span class='ocr_line' id='line_1_10' title="bbox 679 1388 3058 1483; baseline -0.001 -22"><span class='ocrx_word' id='word_1_83' title='bbox 679 1389 1052 1483; x_wconf 84' lang='lat' dir='ltr'><strong>quamdam</strong></span> <span class='ocrx_word' id='word_1_84' title='bbox 1074 1442 1094 1474; x_wconf 96' lang='lat'><strong>,</strong></span> <span class='ocrx_word' id='word_1_85' title='bbox 1133 1389 1244 1460; x_wconf 89' lang='lat' dir='ltr'><strong>cui</strong></span> <span class='ocrx_word' id='word_1_86' title='bbox 1276 1388 1493 1467; x_wconf 84' lang='grc' dir='ltr'><em>Ἰλιὰς</em></span> <span class='ocrx_word' id='word_1_87' title='bbox 1528 1410 1786 1460; x_wconf 84' lang='lat' dir='ltr'><strong>nomen</strong></span> <span class='ocrx_word' id='word_1_88' title='bbox 1824 1391 2065 1474; x_wconf 84' lang='lat' dir='ltr'><strong>fuerit,</strong></span> <span class='ocrx_word' id='word_1_89' title='bbox 2120 1388 2492 1483; x_wconf 80' lang='lat' dir='ltr'><strong>significari</strong></span> <span class='ocrx_word' id='word_1_90' title='bbox 2547 1389 3058 1483; x_wconf 70' lang='lat' dir='ltr'><strong>suspicabatur.</strong></span> 
     </span>
     <span class='ocr_line' id='line_1_11' title="bbox 679 1491 3063 1585; baseline -0 -21"><span class='ocrx_word' id='word_1_91' title='bbox 679 1493 845 1564; x_wconf 87' lang='lat' dir='ltr'><strong>Mihi</strong></span> <span class='ocrx_word' id='word_1_92' title='bbox 893 1492 1034 1565; x_wconf 89' lang='lat' dir='ltr'><strong>hoc</strong></span> <span class='ocrx_word' id='word_1_93' title='bbox 1077 1513 1219 1563; x_wconf 89' lang='lat' dir='ltr'><strong>non</strong></span> <span class='ocrx_word' id='word_1_94' title='bbox 1255 1491 1523 1563; x_wconf 84' lang='lat' dir='ltr'><strong>videtur</strong></span> <span class='ocrx_word' id='word_1_95' title='bbox 1557 1494 1709 1563; x_wconf 85' lang='lat' dir='ltr'><strong>veri</strong></span> <span class='ocrx_word' id='word_1_96' title='bbox 1746 1494 2000 1578; x_wconf 87' lang='lat' dir='ltr'><strong>simile,</strong></span> <span class='ocrx_word' id='word_1_97' title='bbox 2047 1515 2189 1566; x_wconf 85' lang='lat' dir='ltr'><strong>non</strong></span> <span class='ocrx_word' id='word_1_98' title='bbox 2226 1494 2448 1565; x_wconf 89' lang='lat' dir='ltr'><strong>solum</strong></span> <span class='ocrx_word' id='word_1_99' title='bbox 2487 1493 2678 1585; x_wconf 81' lang='lat' dir='ltr'><strong>quod</strong></span> <span class='ocrx_word' id='word_1_100' title='bbox 2713 1513 3063 1584; x_wconf 80' lang='lat' dir='ltr'><strong>nusquam</strong></span> 
     </span>
     <span class='ocr_line' id='line_1_12' title="bbox 680 1595 3061 1690; baseline 0 -24"><span class='ocrx_word' id='word_1_101' title='bbox 680 1595 1042 1690; x_wconf 81' lang='lat' dir='ltr'><strong>tragoedia</strong></span> <span class='ocrx_word' id='word_1_102' title='bbox 1094 1596 1228 1667; x_wconf 77' lang='lat' dir='ltr'><strong>isto</strong></span> <span class='ocrx_word' id='word_1_103' title='bbox 1281 1596 1565 1667; x_wconf 88' lang='lat' dir='ltr'><strong>nomine</strong></span> <span class='ocrx_word' id='word_1_104' title='bbox 1625 1608 2008 1668; x_wconf 84' lang='lat' dir='ltr'><strong>memorata</strong></span> <span class='ocrx_word' id='word_1_105' title='bbox 2071 1607 2218 1682; x_wconf 83' lang='lat' dir='ltr'><strong>est,</strong></span> <span class='ocrx_word' id='word_1_106' title='bbox 2275 1596 2403 1668; x_wconf 89' lang='lat' dir='ltr'><strong>sed</strong></span> <span class='ocrx_word' id='word_1_107' title='bbox 2456 1595 2665 1666; x_wconf 84' lang='lat' dir='ltr'><strong>etiam</strong></span> <span class='ocrx_word' id='word_1_108' title='bbox 2718 1596 2946 1689; x_wconf 67' lang='lat' dir='ltr'><strong>quod,</strong></span> <span class='ocrx_word' id='word_1_109' title='bbox 3004 1599 3061 1667; x_wconf 85' lang='lat' dir='ltr'><strong>si</strong></span> 
     </span>
     <span class='ocr_line' id='line_1_13' title="bbox 681 1699 3068 1792; baseline 0.001 -24"><span class='ocrx_word' id='word_1_110' title='bbox 681 1701 925 1771; x_wconf 85' lang='lat' dir='ltr'><strong>fuisset</strong></span> <span class='ocrx_word' id='word_1_111' title='bbox 953 1700 1206 1792; x_wconf 84' lang='lat' dir='ltr'><strong>aliqua,</strong></span> <span class='ocrx_word' id='word_1_112' title='bbox 1245 1708 1496 1791; x_wconf 89' lang='lat' dir='ltr'><strong>poetae</strong></span> <span class='ocrx_word' id='word_1_113' title='bbox 1532 1720 1790 1770; x_wconf 90' lang='lat' dir='ltr'><strong>nomen</strong></span> <span class='ocrx_word' id='word_1_114' title='bbox 1826 1711 1902 1772; x_wconf 89' lang='lat' dir='ltr'><strong>ut</strong></span> <span class='ocrx_word' id='word_1_115' title='bbox 1937 1701 2008 1769; x_wconf 87' lang='lat' dir='ltr'><strong>in</strong></span> <span class='ocrx_word' id='word_1_116' title='bbox 2044 1699 2230 1772; x_wconf 85' lang='lat' dir='ltr'><strong>haud</strong></span> <span class='ocrx_word' id='word_1_117' title='bbox 2266 1699 2474 1770; x_wconf 82' lang='lat' dir='ltr'><strong>valde</strong></span> <span class='ocrx_word' id='word_1_118' title='bbox 2512 1699 2865 1771; x_wconf 87' lang='lat' dir='ltr'><strong>celebrato</strong></span> <span class='ocrx_word' id='word_1_119' title='bbox 2907 1722 3068 1770; x_wconf 86' lang='lat' dir='ltr'><strong>car-</strong></span> 
     </span>
     <span class='ocr_line' id='line_1_14' title="bbox 681 1799 3063 1888; baseline 0.001 -15"><span class='ocrx_word' id='word_1_120' title='bbox 681 1804 869 1873; x_wconf 88' lang='lat' dir='ltr'><strong>mine</strong></span> <span class='ocrx_word' id='word_1_121' title='bbox 907 1799 1296 1874; x_wconf 80' lang='lat' dir='ltr'><strong>addidisset</strong></span> <span class='ocrx_word' id='word_1_122' title='bbox 1327 1803 1759 1875; x_wconf 79' lang='lat' dir='ltr'><strong>Aristoteles,</strong></span> <span class='ocrx_word' id='word_1_123' title='bbox 1828 1804 2060 1888; x_wconf 84' lang='lat' dir='ltr'><strong>Quare</strong></span> <span class='ocrx_word' id='word_1_124' title='bbox 2096 1804 2197 1874; x_wconf 82' lang='lat' dir='ltr'><strong>sic</strong></span> <span class='ocrx_word' id='word_1_125' title='bbox 2234 1803 2581 1887; x_wconf 73' lang='lat' dir='ltr'><strong>existimo,</strong></span> <span class='ocrx_word' id='word_1_126' title='bbox 2622 1803 3063 1875; x_wconf 78' lang='lat' dir='ltr'><strong>librariorum</strong></span> 
     </span>
     <span class='ocr_line' id='line_1_15' title="bbox 556 1905 3068 2001; baseline 0.003 -26"><span class='ocrx_word' id='word_1_127' title='bbox 556 1936 612 1990; x_wconf 88' lang='lat' dir='ltr'><strong>p.</strong></span> <span class='ocrx_word' id='word_1_128' title='bbox 631 1926 660 1975; x_wconf 83' lang='lat'><em>8</em></span> <span class='ocrx_word' id='word_1_129' title='bbox 681 1926 918 1979; x_wconf 86' lang='lat' dir='ltr'><strong>errore</strong></span> <span class='ocrx_word' id='word_1_130' title='bbox 975 1908 1045 1975; x_wconf 93' lang='lat' dir='ltr'><strong>in</strong></span> <span class='ocrx_word' id='word_1_131' title='bbox 1081 1906 1310 1977; x_wconf 85' lang='lat' dir='ltr'><strong>Iliadis</strong></span> <span class='ocrx_word' id='word_1_132' title='bbox 1355 1927 1609 1976; x_wconf 87' lang='lat' dir='ltr'><strong>nomen</strong></span> <span class='ocrx_word' id='word_1_133' title='bbox 1658 1907 1890 1977; x_wconf 86' lang='lat' dir='ltr'><strong>abisse</strong></span> <span class='ocrx_word' id='word_1_134' title='bbox 1936 1927 2191 1979; x_wconf 87' lang='lat' dir='ltr'><strong>nomen</strong></span> <span class='ocrx_word' id='word_1_135' title='bbox 2237 1905 2668 2001; x_wconf 79' lang='lat' dir='ltr'><strong>Iphigeniae,</strong></span> <span class='ocrx_word' id='word_1_136' title='bbox 2720 1928 2937 1999; x_wconf 87' lang='lat' dir='ltr'><strong>quam</strong></span> <span class='ocrx_word' id='word_1_137' title='bbox 2991 1918 3068 1982; x_wconf 90' lang='lat' dir='ltr'><strong>ut</strong></span> 
     </span>
     <span class='ocr_line' id='line_1_16' title="bbox 681 2009 3064 2103; baseline 0 -22"><span class='ocrx_word' id='word_1_138' title='bbox 681 2009 938 2082; x_wconf 87' lang='lat' dir='ltr'><strong>claram</strong></span> <span class='ocrx_word' id='word_1_139' title='bbox 993 2009 1344 2103; x_wconf 82' lang='lat' dir='ltr'><strong>Euripidis</strong></span> <span class='ocrx_word' id='word_1_140' title='bbox 1396 2010 1701 2082; x_wconf 79' lang='lat' dir='ltr'><strong>fabulam</strong></span> <span class='ocrx_word' id='word_1_141' title='bbox 1763 2011 1973 2081; x_wconf 79' lang='lat' dir='ltr'><strong>etiam</strong></span> <span class='ocrx_word' id='word_1_142' title='bbox 2031 2010 2198 2081; x_wconf 80' lang='lat' dir='ltr'><strong>alibi</strong></span> <span class='ocrx_word' id='word_1_143' title='bbox 2261 2010 2414 2081; x_wconf 83' lang='lat' dir='ltr'><strong>sine</strong></span> <span class='ocrx_word' id='word_1_144' title='bbox 2473 2010 2755 2080; x_wconf 83' lang='lat' dir='ltr'><strong>nomine</strong></span> <span class='ocrx_word' id='word_1_145' title='bbox 2804 2022 3064 2103; x_wconf 82' lang='lat' dir='ltr'><strong>poetae</strong></span> 
     </span>
     <span class='ocr_line' id='line_1_17' title="bbox 678 2111 3070 2192; baseline 0 -7"><span class='ocrx_word' id='word_1_146' title='bbox 678 2114 936 2187; x_wconf 83' lang='lat' dir='ltr'><strong>laudat.</strong></span> <span class='ocrx_word' id='word_1_147' title='bbox 1016 2113 1090 2183; x_wconf 89' lang='lat' dir='ltr'><strong>In</strong></span> <span class='ocrx_word' id='word_1_148' title='bbox 1142 2134 1228 2185; x_wconf 83' lang='lat' dir='ltr'><strong>ea</strong></span> <span class='ocrx_word' id='word_1_149' title='bbox 1273 2122 1505 2185; x_wconf 87' lang='lat' dir='ltr'><strong>autem</strong></span> <span class='ocrx_word' id='word_1_150' title='bbox 1552 2123 1623 2185; x_wconf 91' lang='lat' dir='ltr'><strong>et</strong></span> <span class='ocrx_word' id='word_1_151' title='bbox 1669 2111 2026 2192; x_wconf 79' lang='grc' dir='ltr'><strong><em>ἀπόπλους</em></strong></span> <span class='ocrx_word' id='word_1_152' title='bbox 2070 2124 2180 2185; x_wconf 90' lang='lat' dir='ltr'><strong>est</strong></span> <span class='ocrx_word' id='word_1_153' title='bbox 2216 2123 2483 2184; x_wconf 63' lang='lat' dir='ltr'><strong>etcum</strong></span> <span class='ocrx_word' id='word_1_154' title='bbox 2521 2134 2609 2183; x_wconf 87' lang='lat' dir='ltr'><strong>eo</strong></span> <span class='ocrx_word' id='word_1_155' title='bbox 2647 2114 3070 2186; x_wconf 74' lang='lat' dir='ltr'><strong>coniunctus</strong></span> 
     </span>
     <span class='ocr_line' id='line_1_18' title="bbox 681 2217 3063 2311; baseline 0 -23"><span class='ocrx_word' id='word_1_156' title='bbox 681 2218 857 2291; x_wconf 88' lang='lat' dir='ltr'><strong>deus</strong></span> <span class='ocrx_word' id='word_1_157' title='bbox 896 2238 989 2287; x_wconf 82' lang='lat' dir='ltr'><strong>ex</strong></span> <span class='ocrx_word' id='word_1_158' title='bbox 1024 2217 1364 2287; x_wconf 88' lang='lat' dir='ltr'><strong>machina.</strong></span> <span class='ocrx_word' id='word_1_159' title='bbox 1442 2218 1762 2310; x_wconf 79' lang='lat' dir='ltr'><strong>Ingratus</strong></span> <span class='ocrx_word' id='word_1_160' title='bbox 1797 2218 1992 2289; x_wconf 84' lang='lat' dir='ltr'><strong>labor</strong></span> <span class='ocrx_word' id='word_1_161' title='bbox 2026 2228 2134 2288; x_wconf 85' lang='lat' dir='ltr'><strong>est</strong></span> <span class='ocrx_word' id='word_1_162' title='bbox 2170 2217 2557 2310; x_wconf 84' lang='lat' dir='ltr'><strong>explicare,</strong></span> <span class='ocrx_word' id='word_1_163' title='bbox 2597 2238 2781 2308; x_wconf 86' lang='lat' dir='ltr'><strong>quae</strong></span> <span class='ocrx_word' id='word_1_164' title='bbox 2817 2238 2951 2311; x_wconf 91' lang='lat' dir='ltr'><strong>per</strong></span> <span class='ocrx_word' id='word_1_165' title='bbox 2987 2240 3063 2289; x_wconf 83' lang='lat' dir='ltr'><strong>se</strong></span> 
     </span>
     <span class='ocr_line' id='line_1_19' title="bbox 680 2319 3067 2415; baseline 0.001 -24"><span class='ocrx_word' id='word_1_166' title='bbox 680 2330 921 2415; x_wconf 86' lang='lat' dir='ltr'><strong>aperta</strong></span> <span class='ocrx_word' id='word_1_167' title='bbox 972 2330 1162 2392; x_wconf 87' lang='lat' dir='ltr'><strong>sunt:</strong></span> <span class='ocrx_word' id='word_1_168' title='bbox 1222 2319 1533 2391; x_wconf 87' lang='lat' dir='ltr'><strong>nondum</strong></span> <span class='ocrx_word' id='word_1_169' title='bbox 1587 2330 1819 2390; x_wconf 86' lang='lat' dir='ltr'><strong>tamen</strong></span> <span class='ocrx_word' id='word_1_170' title='bbox 1872 2342 1959 2415; x_wconf 77' lang='lat' dir='ltr'><strong>eo</strong></span> <span class='ocrx_word' id='word_1_171' title='bbox 2012 2321 2346 2392; x_wconf 83' lang='lat' dir='ltr'><strong>liberatus</strong></span> <span class='ocrx_word' id='word_1_172' title='bbox 2392 2341 2571 2393; x_wconf 88' lang='lat' dir='ltr'><strong>sum.</strong></span> <span class='ocrx_word' id='word_1_173' title='bbox 2675 2320 3067 2393; x_wconf 81' lang='lat' dir='ltr'><strong>Sollicitum</strong></span> 
     </span>
     <span class='ocr_line' id='line_1_20' title="bbox 680 2422 3061 2517; baseline 0 -23"><span class='ocrx_word' id='word_1_174' title='bbox 680 2425 867 2495; x_wconf 85' lang='lat' dir='ltr'><strong>enim</strong></span> <span class='ocrx_word' id='word_1_175' title='bbox 903 2423 1149 2494; x_wconf 87' lang='lat' dir='ltr'><strong>habuit</strong></span> <span class='ocrx_word' id='word_1_176' title='bbox 1173 2423 1614 2493; x_wconf 84' lang='lat' dir='ltr'><strong>Welckerum</strong></span> <span class='ocrx_word' id='word_1_177' title='bbox 1651 2422 1844 2507; x_wconf 82' lang='lat' dir='ltr'><strong>illud,</strong></span> <span class='ocrx_word' id='word_1_178' title='bbox 1883 2424 2097 2515; x_wconf 84' lang='lat' dir='ltr'><strong>quod,</strong></span> <span class='ocrx_word' id='word_1_179' title='bbox 2134 2433 2212 2495; x_wconf 87' lang='lat' dir='ltr'><strong>ut</strong></span> <span class='ocrx_word' id='word_1_180' title='bbox 2245 2423 2433 2517; x_wconf 86' lang='lat' dir='ltr'><strong>apud</strong></span> <span class='ocrx_word' id='word_1_181' title='bbox 2460 2423 2935 2509; x_wconf 78' lang='lat' dir='ltr'><strong>Aristotelem,</strong></span> <span class='ocrx_word' id='word_1_182' title='bbox 2967 2426 3061 2495; x_wconf 81' lang='lat' dir='ltr'><strong>ita</strong></span> 
     </span>
     <span class='ocr_line' id='line_1_21' title="bbox 680 2524 3060 2621; baseline 0 -24"><span class='ocrx_word' id='word_1_183' title='bbox 680 2527 892 2597; x_wconf 91' lang='lat' dir='ltr'><strong>etiam</strong></span> <span class='ocrx_word' id='word_1_184' title='bbox 928 2526 998 2596; x_wconf 91' lang='lat' dir='ltr'><strong>in</strong></span> <span class='ocrx_word' id='word_1_185' title='bbox 1039 2525 1309 2609; x_wconf 80' lang='lat' dir='ltr'><strong>verhiS,</strong></span> <span class='ocrx_word' id='word_1_186' title='bbox 1349 2546 1529 2617; x_wconf 88' lang='lat' dir='ltr'><strong>quae</strong></span> <span class='ocrx_word' id='word_1_187' title='bbox 1567 2526 1753 2596; x_wconf 80' lang='lat' dir='ltr'><strong>vitae</strong></span> <span class='ocrx_word' id='word_1_188' title='bbox 1787 2524 2120 2620; x_wconf 75' lang='lat' dir='ltr'><strong>Aeschyli</strong></span> <span class='ocrx_word' id='word_1_189' title='bbox 2154 2528 2230 2596; x_wconf 88' lang='lat' dir='ltr'><strong>in-</strong></span> <span class='ocrx_word' id='word_1_190' title='bbox 2261 2527 2373 2598; x_wconf 80' lang='lat' dir='ltr'><strong>ed.</strong></span> <span class='ocrx_word' id='word_1_191' title='bbox 2406 2527 2783 2597; x_wconf 87' lang='lat' dir='ltr'><strong>Robortelli</strong></span> <span class='ocrx_word' id='word_1_192' title='bbox 2828 2550 2897 2621; x_wconf 88' lang='lat' dir='ltr'><strong>p.</strong></span> <span class='ocrx_word' id='word_1_193' title='bbox 2938 2530 3060 2601; x_wconf 88' lang='grc'><strong>12.</strong></span> 
     </span>
     <span class='ocr_line' id='line_1_22' title="bbox 679 2627 3063 2714; baseline 0.001 -12"><span class='ocrx_word' id='word_1_194' title='bbox 679 2630 947 2702; x_wconf 86' lang='lat' dir='ltr'><strong>inserta</strong></span> <span class='ocrx_word' id='word_1_195' title='bbox 986 2637 1168 2714; x_wconf 86' lang='lat' dir='ltr'><strong>sunt,</strong></span> <span class='ocrx_word' id='word_1_196' title='bbox 1199 2629 1572 2700; x_wconf 89' lang='lat' dir='ltr'><strong>coniuncta</strong></span> <span class='ocrx_word' id='word_1_197' title='bbox 1605 2629 2050 2702; x_wconf 85' lang='lat' dir='ltr'><strong>inveniuntur</strong></span> <span class='ocrx_word' id='word_1_198' title='bbox 2077 2630 2344 2702; x_wconf 88' lang='lat' dir='ltr'><strong>Niobae</strong></span> <span class='ocrx_word' id='word_1_199' title='bbox 2379 2641 2451 2701; x_wconf 90' lang='lat' dir='ltr'><strong>et</strong></span> <span class='ocrx_word' id='word_1_200' title='bbox 2476 2627 2704 2701; x_wconf 88' lang='lat' dir='ltr'><strong>Iliadis</strong></span> <span class='ocrx_word' id='word_1_201' title='bbox 2742 2632 3063 2703; x_wconf 82' lang='lat' dir='ltr'><strong>nomina:</strong></span> 
     </span>
     <span class='ocr_line' id='line_1_23' title="bbox 681 2732 3065 2826; baseline 0.001 -23"><span class='ocrx_word' id='word_1_202' title='bbox 681 2733 773 2803; x_wconf 86' lang='lat' dir='ltr'><strong>de</strong></span> <span class='ocrx_word' id='word_1_203' title='bbox 809 2754 948 2825; x_wconf 92' lang='lat' dir='ltr'><strong>qua</strong></span> <span class='ocrx_word' id='word_1_204' title='bbox 984 2753 1059 2802; x_wconf 92' lang='lat' dir='ltr'><strong>re</strong></span> <span class='ocrx_word' id='word_1_205' title='bbox 1096 2733 1309 2804; x_wconf 81' lang='lat' dir='ltr'><strong>multa</strong></span> <span class='ocrx_word' id='word_1_206' title='bbox 1345 2733 1694 2804; x_wconf 87' lang='lat' dir='ltr'><strong>coniectat</strong></span> <span class='ocrx_word' id='word_1_207' title='bbox 1728 2756 1797 2826; x_wconf 90' lang='lat' dir='ltr'><strong>p.</strong></span> <span class='ocrx_word' id='word_1_208' title='bbox 1834 2732 2003 2805; x_wconf 79' lang='grc'><strong>494.</strong></span> <span class='ocrx_word' id='word_1_209' title='bbox 2092 2735 2274 2805; x_wconf 88' lang='lat' dir='ltr'><strong>Nihil</strong></span> <span class='ocrx_word' id='word_1_210' title='bbox 2309 2735 2422 2804; x_wconf 85' lang='lat' dir='ltr'><strong>illa</strong></span> <span class='ocrx_word' id='word_1_211' title='bbox 2460 2733 2551 2805; x_wconf 91' lang='lat' dir='ltr'><strong>ad</strong></span> <span class='ocrx_word' id='word_1_212' title='bbox 2585 2734 3065 2822; x_wconf 86' lang='lat' dir='ltr'><strong>Aristotelem,</strong></span> 
     </span>
     <span class='ocr_line' id='line_1_24' title="bbox 679 2836 3066 2930; baseline 0.002 -26"><span class='ocrx_word' id='word_1_213' title='bbox 679 2845 1140 2930; x_wconf 82' lang='lat' dir='ltr'><strong>poterantque</strong></span> <span class='ocrx_word' id='word_1_214' title='bbox 1176 2836 1377 2906; x_wconf 90' lang='lat' dir='ltr'><strong>facile</strong></span> <span class='ocrx_word' id='word_1_215' title='bbox 1413 2857 1506 2907; x_wconf 88' lang='lat' dir='ltr'><strong>ex</strong></span> <span class='ocrx_word' id='word_1_216' title='bbox 1541 2858 1619 2906; x_wconf 93' lang='lat' dir='ltr'><strong>re</strong></span> <span class='ocrx_word' id='word_1_217' title='bbox 1656 2837 1805 2930; x_wconf 85' lang='lat' dir='ltr'><strong>ipsa</strong></span> <span class='ocrx_word' id='word_1_218' title='bbox 1846 2837 2222 2908; x_wconf 85' lang='lat' dir='ltr'><strong>emendari.</strong></span> <span class='ocrx_word' id='word_1_219' title='bbox 2316 2837 2497 2921; x_wconf 79' lang='lat' dir='ltr'><strong>Sed,</strong></span> <span class='ocrx_word' id='word_1_220' title='bbox 2531 2847 2609 2908; x_wconf 87' lang='lat' dir='ltr'><strong>ut</strong></span> <span class='ocrx_word' id='word_1_221' title='bbox 2642 2838 3066 2910; x_wconf 83' lang='lat' dir='ltr'><strong>brevissime</strong></span> 
     </span>
     <span class='ocr_line' id='line_1_25' title="bbox 681 2939 3064 3033; baseline 0.001 -22"><span class='ocrx_word' id='word_1_222' title='bbox 681 2940 1062 3025; x_wconf 85' lang='lat' dir='ltr'><strong>absolvam,</strong></span> <span class='ocrx_word' id='word_1_223' title='bbox 1093 2962 1305 3033; x_wconf 88' lang='lat' dir='ltr'><strong>quum</strong></span> <span class='ocrx_word' id='word_1_224' title='bbox 1335 2939 1582 3011; x_wconf 85' lang='lat' dir='ltr'><strong>eadem</strong></span> <span class='ocrx_word' id='word_1_225' title='bbox 1609 2941 1683 3010; x_wconf 84' lang='lat' dir='ltr'><strong>in</strong></span> <span class='ocrx_word' id='word_1_226' title='bbox 1710 2941 1928 3013; x_wconf 88' lang='lat' dir='ltr'><strong>tribus</strong></span> <span class='ocrx_word' id='word_1_227' title='bbox 1965 2940 2326 3012; x_wconf 79' lang='lat' dir='ltr'><strong>codicibus</strong></span> <span class='ocrx_word' id='word_1_228' title='bbox 2361 2940 2617 3033; x_wconf 84' lang='lat' dir='ltr'><strong>scripta</strong></span> <span class='ocrx_word' id='word_1_229' title='bbox 2645 2941 3064 3029; x_wconf 85' lang='lat' dir='ltr'><strong>invenerim,</strong></span> 
     </span>
     <span class='ocr_line' id='line_1_26' title="bbox 681 3041 3071 3138; baseline 0 -22"><span class='ocrx_word' id='word_1_230' title='bbox 681 3065 976 3136; x_wconf 78' lang='lat' dir='ltr'><strong>quorum</strong></span> <span class='ocrx_word' id='word_1_231' title='bbox 1022 3044 1092 3113; x_wconf 90' lang='lat' dir='ltr'><strong>in</strong></span> <span class='ocrx_word' id='word_1_232' title='bbox 1138 3041 1418 3118; x_wconf 86' lang='lat' dir='ltr'><strong>duobus</strong></span> <span class='ocrx_word' id='word_1_233' title='bbox 1461 3044 1671 3115; x_wconf 87' lang='lat' dir='ltr'><strong>etiam</strong></span> <span class='ocrx_word' id='word_1_234' title='bbox 1723 3045 1942 3138; x_wconf 74' lang='lat' dir='ltr'><strong>magis</strong></span> <span class='ocrx_word' id='word_1_235' title='bbox 1987 3067 2197 3137; x_wconf 85' lang='lat' dir='ltr'><strong>quam</strong></span> <span class='ocrx_word' id='word_1_236' title='bbox 2237 3045 2308 3114; x_wconf 89' lang='lat' dir='ltr'><strong>in·</strong></span> <span class='ocrx_word' id='word_1_237' title='bbox 2341 3044 2451 3114; x_wconf 89' lang='lat' dir='ltr'><strong>ed.</strong></span> <span class='ocrx_word' id='word_1_238' title='bbox 2485 3043 2863 3115; x_wconf 79' lang='lat' dir='ltr'><strong>Robortelli</strong></span> <span class='ocrx_word' id='word_1_239' title='bbox 2902 3068 3071 3116; x_wconf 88' lang='lat' dir='ltr'><strong>cor—</strong></span> 
     </span>
     <span class='ocr_line' id='line_1_27' title="bbox 680 3148 3064 3241; baseline 0.002 -24"><span class='ocrx_word' id='word_1_240' title='bbox 680 3158 883 3241; x_wconf 87' lang='lat' dir='ltr'><strong>rupta</strong></span> <span class='ocrx_word' id='word_1_241' title='bbox 931 3157 1124 3232; x_wconf 87' lang='lat' dir='ltr'><strong>sunt,</strong></span> <span class='ocrx_word' id='word_1_242' title='bbox 1179 3168 1434 3240; x_wconf 88' lang='lat' dir='ltr'><strong>ponam</strong></span> <span class='ocrx_word' id='word_1_243' title='bbox 1481 3157 1556 3219; x_wconf 89' lang='lat' dir='ltr'><strong>ut</strong></span> <span class='ocrx_word' id='word_1_244' title='bbox 1599 3149 1671 3217; x_wconf 90' lang='lat' dir='ltr'><strong>in</strong></span> <span class='ocrx_word' id='word_1_245' title='bbox 1718 3149 1919 3219; x_wconf 90' lang='lat' dir='ltr'><strong>tertio</strong></span> <span class='ocrx_word' id='word_1_246' title='bbox 1972 3149 2218 3219; x_wconf 84' lang='lat' dir='ltr'><strong>codice</strong></span> <span class='ocrx_word' id='word_1_247' title='bbox 2268 3149 2419 3219; x_wconf 91' lang='lat' dir='ltr'><strong>sine</strong></span> <span class='ocrx_word' id='word_1_248' title='bbox 2464 3148 2652 3218; x_wconf 85' lang='lat' dir='ltr'><strong>vitiis</strong></span> <span class='ocrx_word' id='word_1_249' title='bbox 2699 3149 3064 3238; x_wconf 83' lang='lat' dir='ltr'><strong>leguntur:</strong></span> 
     </span>
     <span class='ocr_line' id='line_1_28' title="bbox 680 3247 3067 3346; baseline 0.002 -26"><span class='ocrx_word' id='word_1_250' title='bbox 680 3252 825 3320; x_wconf 78' lang='grc' dir='ltr'><strong>τῶν</strong></span> <span class='ocrx_word' id='word_1_251' title='bbox 876 3247 1294 3345; x_wconf 72' lang='grc' dir='ltr'><em>ποιημάτων</em></span> <span class='ocrx_word' id='word_1_252' title='bbox 1347 3251 1396 3321; x_wconf 78' lang='grc' dir='ltr'><em>ἃ</em></span> <span class='ocrx_word' id='word_1_253' title='bbox 1446 3253 1578 3340; x_wconf 73' lang='grc' dir='ltr'><strong>μέν</strong></span> <span class='ocrx_word' id='word_1_254' title='bbox 1627 3255 1782 3324; x_wconf 65' lang='grc' dir='ltr'><strong>ἐστι</strong></span> <span class='ocrx_word' id='word_1_255' title='bbox 1833 3250 2176 3332; x_wconf 57' lang='lat' dir='ltr'><strong>magadan&amp;</strong></span> <span class='ocrx_word' id='word_1_256' title='bbox 2240 3250 2357 3322; x_wconf 75' lang='grc' dir='ltr'><em>καὶ</em></span> <span class='ocrx_word' id='word_1_257' title='bbox 2418 3251 2894 3346; x_wconf 73' lang='grc' dir='ltr'><em>διηγηματικοὶ</em></span> <span class='ocrx_word' id='word_1_258' title='bbox 2940 3254 3067 3324; x_wconf 70' lang='grc' dir='ltr'><em>καὶ</em></span> 
     </span>
     <span class='ocr_line' id='line_1_29' title="bbox 683 3350 3064 3450; baseline 0.002 -29"><span class='ocrx_word' id='word_1_259' title='bbox 683 3350 1176 3442; x_wconf 72' lang='grc' dir='ltr'><strong>ἀπαγγελτικά,</strong></span> <span class='ocrx_word' id='word_1_260' title='bbox 1218 3352 1266 3422; x_wconf 78' lang='grc' dir='ltr'><em>ἃ</em></span> <span class='ocrx_word' id='word_1_261' title='bbox 1302 3352 1376 3423; x_wconf 78' lang='grc' dir='ltr'><strong>δὲ</strong></span> <span class='ocrx_word' id='word_1_262' title='bbox 1409 3353 1810 3446; x_wconf 71' lang='grc' dir='ltr'><em>δραματικὰ</em></span> <span class='ocrx_word' id='word_1_263' title='bbox 1852 3352 1969 3424; x_wconf 79' lang='grc' dir='ltr'><em>καὶ</em></span> <span class='ocrx_word' id='word_1_264' title='bbox 2013 3350 2399 3450; x_wconf 76' lang='grc' dir='ltr'><em>μιμητικοέ,</em></span> <span class='ocrx_word' id='word_1_265' title='bbox 2444 3351 2487 3422; x_wconf 77' lang='grc' dir='ltr'><strong><em>ἃ</em></strong></span> <span class='ocrx_word' id='word_1_266' title='bbox 2526 3351 2609 3422; x_wconf 69' lang='grc' dir='ltr'><strong>δὲ</strong></span> <span class='ocrx_word' id='word_1_267' title='bbox 2634 3355 2717 3424; x_wconf 82' lang='grc' dir='ltr'><strong>δι’</strong></span> <span class='ocrx_word' id='word_1_268' title='bbox 2756 3355 3064 3448; x_wconf 64' lang='grc' dir='ltr'><em>ἀμφοῖν,</em></span> 
     </span>
     <span class='ocr_line' id='line_1_30' title="bbox 684 3450 3065 3552; baseline 0.002 -28"><span class='ocrx_word' id='word_1_269' title='bbox 684 3451 734 3524; x_wconf 76' lang='grc' dir='ltr'><strong><em>ἃ</em></strong></span> <span class='ocrx_word' id='word_1_270' title='bbox 776 3452 852 3525; x_wconf 83' lang='grc' dir='ltr'><strong>δὲ</strong></span> <span class='ocrx_word' id='word_1_271' title='bbox 895 3450 1121 3545; x_wconf 62' lang='grc' dir='ltr'><em>μόνον</em></span> <span class='ocrx_word' id='word_1_272' title='bbox 1170 3452 1593 3548; x_wconf 75' lang='grc' dir='ltr'><em>δραματικοί·</em></span> <span class='ocrx_word' id='word_1_273' title='bbox 1649 3454 1834 3527; x_wconf 73' lang='grc' dir='ltr'><em>αὐτοὶ</em></span> <span class='ocrx_word' id='word_1_274' title='bbox 1881 3453 2014 3550; x_wconf 76' lang='grc' dir='ltr'><strong>γὰρ</strong></span> <span class='ocrx_word' id='word_1_275' title='bbox 2062 3459 2327 3552; x_wconf 75' lang='grc' dir='ltr'><strong><em>ἐνεργεῖ</em></strong></span> <span class='ocrx_word' id='word_1_276' title='bbox 2361 3453 2478 3526; x_wconf 79' lang='grc' dir='ltr'><em>καὶ</em></span> <span class='ocrx_word' id='word_1_277' title='bbox 2511 3456 2686 3544; x_wconf 69' lang='grc' dir='ltr'><strong><em>λέγει</em></strong></span> <span class='ocrx_word' id='word_1_278' title='bbox 2720 3455 2812 3527; x_wconf 78' lang='grc' dir='ltr'><strong>τὰ</strong></span> <span class='ocrx_word' id='word_1_279' title='bbox 2849 3455 3065 3552; x_wconf 77' lang='grc' dir='ltr'><em>πρός-</em></span> 
     </span>
     <span class='ocr_line' id='line_1_31' title="bbox 685 3555 3070 3654; baseline 0.003 -29"><span class='ocrx_word' id='word_1_280' title='bbox 685 3581 881 3645; x_wconf 77' lang='grc' dir='ltr'><em>ωπα,</em></span> <span class='ocrx_word' id='word_1_281' title='bbox 937 3555 1054 3627; x_wconf 80' lang='grc' dir='ltr'><em>καὶ</em></span> <span class='ocrx_word' id='word_1_282' title='bbox 1106 3555 1288 3628; x_wconf 83' lang='grc' dir='ltr'><em>αὐτὰ</em></span> <span class='ocrx_word' id='word_1_283' title='bbox 1338 3555 1422 3628; x_wconf 87' lang='grc' dir='ltr'><strong>τὸ</strong></span> <span class='ocrx_word' id='word_1_284' title='bbox 1469 3557 1681 3653; x_wconf 80' lang='grc' dir='ltr'><strong><em>κῦρος</em></strong></span> <span class='ocrx_word' id='word_1_285' title='bbox 1724 3557 1887 3647; x_wconf 80' lang='grc' dir='ltr'><strong>ἔχει.</strong></span> <span class='ocrx_word' id='word_1_286' title='bbox 1955 3555 2071 3630; x_wconf 80' lang='grc' dir='ltr'><strong>διὰ</strong></span> <span class='ocrx_word' id='word_1_287' title='bbox 2117 3558 2334 3629; x_wconf 78' lang='grc' dir='ltr'><em>τοῦτο</em></span> <span class='ocrx_word' id='word_1_288' title='bbox 2387 3564 2463 3627; x_wconf 85' lang='grc' dir='ltr'><em>αἱ</em></span> <span class='ocrx_word' id='word_1_289' title='bbox 2496 3559 2641 3628; x_wconf 63' lang='grc' dir='ltr'><strong>τῶν</strong></span> <span class='ocrx_word' id='word_1_290' title='bbox 2678 3558 3070 3654; x_wconf 61' lang='grc' dir='ltr'><em>δραμάτων</em></span> 
     </span>
     <span class='ocr_line' id='line_1_32' title="bbox 681 3655 3059 3758; baseline 0.001 -27"><span class='ocrx_word' id='word_1_291' title='bbox 681 3655 1097 3753; x_wconf 75' lang='grc' dir='ltr'><em>ἐπιγραφαὶέ</em></span> <span class='ocrx_word' id='word_1_292' title='bbox 1134 3657 1672 3755; x_wconf 77' lang='grc' dir='ltr'><strong>προγράφονται</strong></span> <span class='ocrx_word' id='word_1_293' title='bbox 1743 3659 1878 3732; x_wconf 78' lang='grc' dir='ltr'><strong>τοῦ</strong></span> <span class='ocrx_word' id='word_1_294' title='bbox 1946 3660 2287 3758; x_wconf 81' lang='grc' dir='ltr'><em>ποιητοῦ,</em></span> <span class='ocrx_word' id='word_1_295' title='bbox 2356 3658 2592 3756; x_wconf 77' lang='grc' dir='ltr'><em>,Νιόβη</em></span> <span class='ocrx_word' id='word_1_296' title='bbox 2653 3658 3059 3753; x_wconf 79' lang='grc' dir='ltr'><strong><em>Αἰσχύλου,</em></strong></span> 
     </span>
     <span class='ocr_line' id='line_1_33' title="bbox 676 3759 1372 3857; baseline 0.01 -26"><span class='ocrx_word' id='word_1_297' title='bbox 676 3759 989 3857; x_wconf 81' lang='grc' dir='ltr'><em>Ὀμήρου</em></span> <span class='ocrx_word' id='word_1_298' title='bbox 1025 3760 1102 3833; x_wconf 77' lang='grc' dir='ltr'><strong>δὲ</strong></span> <span class='ocrx_word' id='word_1_299' title='bbox 1128 3761 1372 3840; x_wconf 75' lang='grc' dir='ltr'><em>Ἰλιάς</em></span> 
     </span>
     <span class='ocr_line' id='line_1_34' title="bbox 887 3863 3067 3958; baseline 0.003 -25"><span class='ocrx_word' id='word_1_300' title='bbox 887 3863 1226 3935; x_wconf 87' lang='lat' dir='ltr'><strong>Revertor</strong></span> <span class='ocrx_word' id='word_1_301' title='bbox 1301 3865 1391 3935; x_wconf 89' lang='lat' dir='ltr'><strong>ab</strong></span> <span class='ocrx_word' id='word_1_302' title='bbox 1480 3865 1612 3935; x_wconf 87' lang='lat' dir='ltr'><strong>hac</strong></span> <span class='ocrx_word' id='word_1_303' title='bbox 1698 3865 2130 3958; x_wconf 81' lang='lat' dir='ltr'><strong>digressione</strong></span> <span class='ocrx_word' id='word_1_304' title='bbox 2201 3865 2289 3936; x_wconf 88' lang='lat' dir='ltr'><strong>ad</strong></span> <span class='ocrx_word' id='word_1_305' title='bbox 2359 3867 2825 3937; x_wconf 78' lang='lat' dir='ltr'><strong>Aristotelem.</strong></span> <span class='ocrx_word' id='word_1_306' title='bbox 2960 3868 3067 3940; x_wconf 86' lang='lat' dir='ltr'><strong>Ac</strong></span> 
     </span>
     <span class='ocr_line' id='line_1_35' title="bbox 683 3965 3063 4068; baseline 0.005 -37"><span class='ocrx_word' id='word_1_307' title='bbox 683 3965 1092 4038; x_wconf 77' lang='lat' dir='ltr'><strong>Welckerus</strong></span> <span class='ocrx_word' id='word_1_308' title='bbox 1140 3968 1212 4037; x_wconf 88' lang='lat' dir='ltr'><strong>in</strong></span> <span class='ocrx_word' id='word_1_309' title='bbox 1265 3969 1438 4039; x_wconf 91' lang='lat' dir='ltr'><strong>Mus.</strong></span> <span class='ocrx_word' id='word_1_310' title='bbox 1488 3968 1704 4039; x_wconf 88' lang='lat' dir='ltr'><strong>Rhen.</strong></span> <span class='ocrx_word' id='word_1_311' title='bbox 1737 3967 1813 4038; x_wconf 94' lang='lat' dir='ltr'><strong>V.</strong></span> <span class='ocrx_word' id='word_1_312' title='bbox 1861 3970 1929 4039; x_wconf 88' lang='lat'><strong>3.</strong></span> <span class='ocrx_word' id='word_1_313' title='bbox 1981 3992 2048 4063; x_wconf 93' lang='lat' dir='ltr'><strong>p.</strong></span> <span class='ocrx_word' id='word_1_314' title='bbox 2098 3968 2264 4040; x_wconf 87' lang='grc'><strong>490.</strong></span> <span class='ocrx_word' id='word_1_315' title='bbox 2331 3969 2507 4040; x_wconf 90' lang='lat' dir='ltr'><strong>haec</strong></span> <span class='ocrx_word' id='word_1_316' title='bbox 2559 3970 2781 4041; x_wconf 88' lang='lat' dir='ltr'><strong>verba</strong></span> <span class='ocrx_word' id='word_1_317' title='bbox 2836 3971 3063 4068; x_wconf 79' lang='grc' dir='ltr'><em>ὥςπερ</em></span> 
     </span>
     <span class='ocr_line' id='line_1_36' title="bbox 679 4067 3066 4190; baseline 0.003 -52"><span class='ocrx_word' id='word_1_318' title='bbox 679 4068 1079 4164; x_wconf 80' lang='grc' dir='ltr'><em>Εὐριπίδης</em></span> <span class='ocrx_word' id='word_1_319' title='bbox 1114 4067 1396 4166; x_wconf 70' lang='grc' dir='ltr'><em>Νιόβην</em></span> <span class='ocrx_word' id='word_1_320' title='bbox 1441 4070 1562 4142; x_wconf 83' lang='grc' dir='ltr'><em>καὶ</em></span> <span class='ocrx_word' id='word_1_321' title='bbox 1600 4098 1700 4187; x_wconf 82' lang='grc' dir='ltr'><strong>μη</strong></span> <span class='ocrx_word' id='word_1_322' title='bbox 1748 4070 1968 4190; x_wconf 74' lang='grc' dir='ltr'><strong>ὥςπερ</strong></span> <span class='ocrx_word' id='word_1_323' title='bbox 2003 4070 2399 4162; x_wconf 67' lang='grc' dir='ltr'><strong><em>Αἰσχύλος,</em></strong></span> <span class='ocrx_word' id='word_1_324' title='bbox 2440 4083 2516 4146; x_wconf 86' lang='lat' dir='ltr'><strong>ut</strong></span> <span class='ocrx_word' id='word_1_325' title='bbox 2551 4073 2641 4144; x_wconf 82' lang='lat' dir='ltr'><strong>ab</strong></span> <span class='ocrx_word' id='word_1_326' title='bbox 2680 4074 3066 4168; x_wconf 85' lang='lat' dir='ltr'><strong>interpola-</strong></span> 
     </span>
     <span class='ocr_line' id='line_1_37' title="bbox 682 4173 3059 4271; baseline 0.005 -32"><span class='ocrx_word' id='word_1_327' title='bbox 682 4178 834 4240; x_wconf 87' lang='lat' dir='ltr'><strong>tore</strong></span> <span class='ocrx_word' id='word_1_328' title='bbox 870 4173 1213 4263; x_wconf 82' lang='lat' dir='ltr'><strong>profecta‚</strong></span> <span class='ocrx_word' id='word_1_329' title='bbox 1253 4173 1522 4244; x_wconf 88' lang='lat' dir='ltr'><strong>uncinis</strong></span> <span class='ocrx_word' id='word_1_330' title='bbox 1559 4175 2130 4268; x_wconf 82' lang='lat' dir='ltr'><strong>circumscripsit,</strong></span> <span class='ocrx_word' id='word_1_331' title='bbox 2169 4176 2260 4246; x_wconf 88' lang='lat' dir='ltr'><strong>de</strong></span> <span class='ocrx_word' id='word_1_332' title='bbox 2296 4175 2549 4267; x_wconf 88' lang='lat' dir='ltr'><strong>quibus</strong></span> <span class='ocrx_word' id='word_1_333' title='bbox 2586 4176 2768 4247; x_wconf 77' lang='lat' dir='ltr'><strong>dixit</strong></span> <span class='ocrx_word' id='word_1_334' title='bbox 2801 4201 2869 4271; x_wconf 90' lang='lat' dir='ltr'><strong>p.</strong></span> <span class='ocrx_word' id='word_1_335' title='bbox 2907 4177 3059 4251; x_wconf 75' lang='lat'><strong>495</strong></span> 
     </span>
     <span class='ocr_line' id='line_1_38' title="bbox 680 4275 3060 4370; baseline 0.003 -26"><span class='ocrx_word' id='word_1_336' title='bbox 680 4294 829 4365; x_wconf 91' lang='lat' dir='ltr'><strong>seq.</strong></span> <span class='ocrx_word' id='word_1_337' title='bbox 937 4275 1038 4345; x_wconf 85' lang='lat' dir='ltr'><strong>Ita</strong></span> <span class='ocrx_word' id='word_1_338' title='bbox 1086 4297 1257 4346; x_wconf 83' lang='lat' dir='ltr'><strong>vero</strong></span> <span class='ocrx_word' id='word_1_339' title='bbox 1310 4277 1560 4347; x_wconf 90' lang='lat' dir='ltr'><strong>evertit</strong></span> <span class='ocrx_word' id='word_1_340' title='bbox 1610 4277 2175 4364; x_wconf 85' lang='lat' dir='ltr'><strong>fundamentum,</strong></span> <span class='ocrx_word' id='word_1_341' title='bbox 2229 4299 2370 4370; x_wconf 90' lang='lat' dir='ltr'><strong>quo</strong></span> <span class='ocrx_word' id='word_1_342' title='bbox 2424 4280 2593 4350; x_wconf 79' lang='lat' dir='ltr'><strong>fulta</strong></span> <span class='ocrx_word' id='word_1_343' title='bbox 2646 4291 2797 4351; x_wconf 88' lang='lat' dir='ltr'><strong>erat</strong></span> <span class='ocrx_word' id='word_1_344' title='bbox 2840 4280 3060 4352; x_wconf 77' lang='grc' dir='ltr'><strong><em>Ἰλίου</em></strong></span> 
     </span>
     <span class='ocr_line' id='line_1_39' title="bbox 679 4377 3063 4472; baseline 0.003 -24"><span class='ocrx_word' id='word_1_345' title='bbox 679 4379 947 4472; x_wconf 79' lang='grc' dir='ltr'><strong>πέρσις.</strong></span> <span class='ocrx_word' id='word_1_346' title='bbox 1028 4377 1245 4449; x_wconf 90' lang='lat' dir='ltr'><strong>Unico</strong></span> <span class='ocrx_word' id='word_1_347' title='bbox 1282 4379 1461 4450; x_wconf 90' lang='lat' dir='ltr'><strong>enim</strong></span> <span class='ocrx_word' id='word_1_348' title='bbox 1503 4380 1593 4450; x_wconf 92' lang='lat' dir='ltr'><strong>de</strong></span> <span class='ocrx_word' id='word_1_349' title='bbox 1632 4401 1720 4451; x_wconf 91' lang='lat' dir='ltr'><strong>ea</strong></span> <span class='ocrx_word' id='word_1_350' title='bbox 1757 4382 2147 4453; x_wconf 87' lang='lat' dir='ltr'><strong>testimonio</strong></span> <span class='ocrx_word' id='word_1_351' title='bbox 2184 4382 2456 4453; x_wconf 90' lang='lat' dir='ltr'><strong>sublato</strong></span> <span class='ocrx_word' id='word_1_352' title='bbox 2492 4384 2683 4453; x_wconf 87' lang='lat' dir='ltr'><strong>nulla</strong></span> <span class='ocrx_word' id='word_1_353' title='bbox 2721 4384 2886 4468; x_wconf 75' lang='lat' dir='ltr'><strong>fuit,</strong></span> <span class='ocrx_word' id='word_1_354' title='bbox 2927 4385 3063 4455; x_wconf 86' lang='lat' dir='ltr'><strong>nisi</strong></span> 
     </span>
     <span class='ocr_line' id='line_1_40' title="bbox 677 4480 3064 4578; baseline 0.003 -29"><span class='ocrx_word' id='word_1_355' title='bbox 677 4480 948 4552; x_wconf 86' lang='lat' dir='ltr'><strong>restitui</strong></span> <span class='ocrx_word' id='word_1_356' title='bbox 1000 4480 1138 4551; x_wconf 89' lang='lat' dir='ltr'><strong>alio</strong></span> <span class='ocrx_word' id='word_1_357' title='bbox 1197 4482 1427 4575; x_wconf 84' lang='lat' dir='ltr'><strong>aliquo</strong></span> <span class='ocrx_word' id='word_1_358' title='bbox 1479 4482 1774 4556; x_wconf 85' lang='lat' dir='ltr'><strong>artificio</strong></span> <span class='ocrx_word' id='word_1_359' title='bbox 1823 4494 2073 4578; x_wconf 88' lang='lat' dir='ltr'><strong>potest.</strong></span> <span class='ocrx_word' id='word_1_360' title='bbox 2163 4484 2239 4555; x_wconf 90' lang='lat' dir='ltr'><strong>Id</strong></span> <span class='ocrx_word' id='word_1_361' title='bbox 2291 4485 2765 4578; x_wconf 78' lang='lat' dir='ltr'><strong>suppeditavit</strong></span> <span class='ocrx_word' id='word_1_362' title='bbox 2813 4506 3064 4559; x_wconf 87' lang='lat' dir='ltr'><strong>versus</strong></span> 
     </span>
     <span class='ocr_line' id='line_1_41' title="bbox 673 4583 2405 4680; baseline 0.002 -26"><span class='ocrx_word' id='word_1_363' title='bbox 673 4583 1001 4678; x_wconf 83' lang='lat' dir='ltr'><strong>Aeschyli</strong></span> <span class='ocrx_word' id='word_1_364' title='bbox 1039 4585 1226 4677; x_wconf 87' lang='lat' dir='ltr'><strong>apud</strong></span> <span class='ocrx_word' id='word_1_365' title='bbox 1259 4584 1795 4680; x_wconf 82' lang='lat' dir='ltr'><strong>Aristophanem</strong></span> <span class='ocrx_word' id='word_1_366' title='bbox 1833 4590 1903 4658; x_wconf 89' lang='lat' dir='ltr'><strong>in</strong></span> <span class='ocrx_word' id='word_1_367' title='bbox 1939 4590 2146 4660; x_wconf 77' lang='lat' dir='ltr'><strong>Ranis</strong></span> <span class='ocrx_word' id='word_1_368' title='bbox 2190 4586 2405 4659; x_wconf 85' lang='grc'><strong>1431.</strong></span> 
     </span>
    </p>
   </div>
  </div>
 </body>
</html>
