3328 5326
1267 376 1666 442 PINDARUS.
2574 376 2654 439 87

283 573 750 667 grammaticis
800 594 958 644 rara
1009 582 1082 643 et
1131 572 1456 643 inusitata
1515 571 1732 641 verba
1749 623 1769 656 ,
1821 571 2350 663 singularesque
2398 571 2654 641 formas

285 676 662 748 verborum
707 676 1163 768 conquirunt,
1216 675 1466 767 quibus
1523 673 1939 747 adhibendis
1986 673 2154 745 dum
2199 694 2277 744 se
2324 673 2654 747 eximium

283 780 451 871 quid
505 780 734 873 egisse
779 780 1183 873 opinantur,
1222 788 1553 850 consutos
1603 800 1699 849 ex
1745 777 2355 851 diversicoloribus
2407 778 2656 870 pannis

284 894 622 954 centones
685 884 755 952 in
820 882 1124 956 medium
1185 883 1564 975 proferunt.
1652 882 1801 953 Hoc
1864 881 2074 953 modo
2137 903 2349 975 quum
2402 881 2471 950 in
2522 880 2653 951 alia

283 988 535 1072 multa,
583 996 731 1058 tum
779 988 1084 1057 maxime
1133 986 1203 1056 in
1238 985 1570 1056 Aeolicae
1614 986 1849 1080 poesis
1895 985 2220 1077 reliquias
2240 1038 2257 1069 ,
2297 983 2368 1053 in
2403 983 2655 1076 quibus

281 1091 449 1160 nihil
480 1112 622 1161 non
652 1090 913 1162 licitum
937 1100 1241 1184 putatur,
1281 1090 1622 1161 saevitum
1649 1098 1776 1162 est.
1856 1088 1996 1159 Sed
2024 1089 2093 1159 in
2123 1088 2254 1173 his,
2293 1088 2453 1181 quia
2481 1087 2672 1181 istae·

282 1194 617 1287 reliquiae
654 1215 945 1266 numero
982 1214 1248 1287 paucae
1283 1203 1467 1278 sunt,
1506 1213 1639 1263 nec
1679 1193 1876 1277 taleS,
1915 1202 1993 1263 ut
2037 1214 2130 1262 ex
2164 1192 2246 1262 iis
2281 1192 2559 1285 plenam
2587 1202 2658 1261 et

284 1300 672 1391 perfectam
707 1289 887 1370 illius
924 1297 1157 1392 poesis
1194 1297 1565 1390 imaginem
1601 1307 1836 1367 mente
1873 1296 2248 1389 concipere
2283 1295 2654 1389 possimus,

282 1400 635 1473 difficilius
673 1402 803 1472 ista
837 1387 1259 1495 perversitas
1296 1401 1637 1473 confutari
1664 1409 1916 1494 potest.
1991 1400 2130 1470 Illis
2159 1420 2329 1470 vero
2363 1398 2661 1492 scripto-

285 1506 500 1590 ribuS,
538 1527 836 1597 quorum
885 1505 1160 1598 ingenia
1199 1514 1270 1575 et
1304 1524 1700 1575 sermonem
1746 1503 2341 1595 novimuS,·quum
2377 1523 2660 1573 manum

284 1609 698 1693 admovent,
754 1609 984 1680 statim
1038 1618 1110 1679 et
1156 1608 1495 1701 originem
1545 1628 1745 1678 suam
1792 1617 1864 1678 et
1911 1617 2228 1679 naturam
2278 1605 2510 1699 prodit
2544 1605 2660 1676 illa

286 1714 453 1783 artis
506 1712 790 1783 criticae
849 1713 1042 1782 ratio,
1132 1711 1471 1806 Exempla
1524 1711 1583 1782 si
1636 1731 1950 1805 promam
1997 1733 2085 1781 ex
2130 1710 2401 1795 libello,
2452 1730 2659 1801 quem

283 1817 501 1910 ipsius
560 1815 919 1909 scriptoris
980 1815 1305 1886 comitate
1367 1825 1732 1908 acceptum
1790 1834 1960 1909 prae
2022 1814 2342 1884 manibus
2404 1812 2659 1897 habeo,

286 1919 534 1991 videar
559 1921 856 1990 fortasse
884 1920 1193 2011 ingratus
1221 1940 1416 1989 esse:
1457 1939 1702 1990 verum
1730 1919 1798 1988 in
1828 1919 2069 1988 litteris
2098 1917 2486 2001 veritatem,
2517 1937 2660 1986 non

283 2024 579 2116 gratiam
607 2044 903 2115 regnare
931 2031 1225 2116 oportet.
1286 2023 1572 2116 Scripsit
1598 2022 1678 2091 H.
1705 2023 1777 2092 L.
1795 2019 2070 2092 Ahrens
2099 2020 2659 2093 dissertationem

285 2127 378 2199 de
418 2128 597 2198 crasi
649 2137 718 2197 et
769 2126 1167 2221 aphaeresi,
1205 2126 1272 2194 in
1312 2148 1450 2219 qua
1486 2148 1700 2218 quum
1728 2126 1942 2197 multa
1978 2134 2182 2196 acute
2219 2133 2291 2194 et
2325 2122 2665 2195 subtiliter

286 2230 776 2302 animadversa
829 2229 998 2314 sint,
1052 2229 1259 2300 video
1309 2239 1543 2300 tamen
1595 2251 1753 2300 esse
1809 2228 2054 2314 etiam,
2093 2249 2274 2320 quae
2327 2227 2400 2298 id
2437 2227 2664 2319 ips-um

286 2334 481 2427 quod
517 2334 839 2405 dicebam
868 2332 1300 2405 confirment.
1377 2333 1465 2404 Ut
1491 2332 1681 2425 quod
1718 2355 1782 2426 p.
1823 2332 1936 2403 44.
1970 2330 2197 2423 μάλλὰ
2233 2353 2326 2402 ex
2351 2329 2456 2421 μὰ
2492 2328 2663 2399 ἀλλὰ

285 2437 666 2510 conflatum
720 2458 879 2509 esse
912 2437 1164 2508 voluit:
1224 2457 1389 2506 nam
1439 2458 1531 2506 ne
1569 2435 1950 2508 inauditam
2000 2434 2362 2505 elisionem
2398 2432 2663 2504 vocalis

286 2544 357 2612 in
394 2542 525 2613 ista
578 2562 758 2612 voce
808 2561 1373 2624 commemorem,
1409 2561 1621 2633 quam
1675 2539 1960 2633 quidem
1997 2538 2347 2609 invenisse
2382 2536 2667 2628 quidam

286 2647 357 2716 in
394 2645 822 2717 Theocriteis
858 2644 935 2715 V.
983 2642 1099 2715 44.
1142 2643 1378 2715 XXVI.
1406 2643 1541 2735 34.
1583 2643 1716 2716 sibi
1752 2644 1884 2714 visi
1920 2652 2102 2727 sunt,
2142 2642 2295 2734 quis
2341 2660 2668 2733 umquam

284 2750 557 2822 nudum
604 2748 711 2844 μὰ
759 2771 901 2820 non
956 2748 1195 2820 addito
1246 2769 1374 2841 per
1420 2748 1611 2840 quod
1664 2748 1922 2819 iuraret
1972 2746 2210 2817 dicere
2263 2766 2476 2817 ausus
2514 2746 2671 2815 est‘?

292 2864 415 2925 aut
449 2876 665 2946 quum
700 2875 767 2946 p.
815 2852 931 2923 47.
973 2852 1163 2944 quod
1199 2873 1404 2923 casus
1439 2851 1761 2945 bisyllabi
1809 2849 2225 2945 (trisyllabos
2270 2850 2507 2921 dicere
2542 2869 2670 2918 vo-

291 2955 502 3049 lebat)
547 2976 926 3050 numquam
970 2977 1060 3026 ne
1095 2955 1284 3048 apud
1334 2955 1591 3027 Aeoles
1627 2953 1912 3047 quidem
1962 2954 2310 3025 diaeresin
2344 2962 2671 3046 pateren-

293 3072 426 3146 tur,
465 3061 536 3130 in
572 3059 1031 3131 Anacreontis
1080 3062 1469 3150 fragmento
1525 3062 1641 3129 lss.
1700 3059 1820 3130 ubi
1856 3067 1965 3128 est
2009 3053 2349 3148 κωμάζων
2383 3054 2473 3149 τῇ
2503 3052 2666 3148 φίλῃ

291 3163 475 3235 πάϊὸ
517 3163 724 3258 ἀβρῇ,
762 3163 1214 3234 scribendum
1251 3162 1523 3233 censuit
1554 3159 1733 3232 πεδί’
1774 3162 1993 3257 ἀβρῆε
2032 3180 2197 3230 nam
2232 3157 2476 3230 πεδίον
2512 3178 2672 3227 esse

293 3268 694 3338 inferiorem
742 3278 1014 3363 partem
1062 3266 1259 3364 pedis
1296 3273 1482 3336 teste
1519 3263 1800 3336 Polluce
1852 3265 1928 3335 ΙΙ.
1976 3263 2142 3334 197.
2183 3283 2395 3356 quam
2430 3260 2545 3331 hic
2581 3282 2668 3331 eo

295 3372 520 3464 aptius
556 3393 684 3465 pro
719 3381 866 3442 toto
916 3370 1100 3465 pede
1134 3369 1474 3440 nominari
1510 3367 1845 3463 potuisse,
1899 3366 2091 3461 quod
2130 3367 2200 3436 in
2237 3367 2353 3437 illa
2388 3364 2671 3460 potissi-

295 3497 479 3547 mum
528 3476 873 3568 elegantia
925 3474 1126 3567 pedis
1173 3482 1548 3566 spectetur.
1624 3470 1826 3543 Unde
1878 3494 2050 3543 vero
2103 3480 2400 3555 constat,
2438 3490 2668 3561 neque

294 3580 564 3650 Ionicos
591 3600 822 3671 neque
848 3577 1175 3650 Aeolicos
1202 3586 1445 3670 poetas
1473 3597 1802 3669 umquam
1822 3571 2115 3665 πάϊδος,
2155 3570 2356 3645 milch
2382 3572 2670 3656 dixisse,

296 3705 506 3774 quum
543 3683 1048 3776 propemodum
1085 3681 1310 3752 omnis
1347 3681 1461 3751 illa
1492 3681 1734 3773 poesis
1771 3678 2130 3764 interierit,
2167 3675 2400 3747 Aeolii
2435 3684 2669 3747 autem

298 3787 574 3856 omnino
627 3786 972 3857 diaeresin
1024 3785 1613 3879 diphthongorum
1658 3783 2087 3854 amaverint?
2188 3778 2389 3852 Πεδί’
2444 3776 2670 3874 ἀβρήν
2689 3810 2740 3861 p.
2764 3797 2825 3845 u

299 3899 527 3960 autem
563 3890 865 3983 puellam
901 3889 1193 3960 medicis
1230 3888 1512 3982 quidem
1552 3898 1624 3958 et
1657 3887 2012 3959 sutoribus
2040 3885 2297 3956 dictam
2335 3904 2493 3953 esse
2515 3903 2671 3952 cre-

301 3993 490 4080 dam,
540 4014 681 4064 non
733 3994 993 4087 poetiS,
1041 3993 1159 4084 qui
1213 4002 1468 4063 teretes
1520 4013 1719 4063 suras
1773 3990 2001 4084 potius
2051 3987 2394 4058 laudaturi
2446 3983 2667 4070 erant,

301 4119 501 4191 quam
539 4097 652 4167 illa
687 4099 869 4192 μέρη
903 4095 994 4166 τὰ
1045 4096 1189 4166 ἄνω
1226 4095 1363 4190 πρὸ
1398 4094 1542 4165 τῶν
1578 4089 1975 4180 δακτύλων,
2014 4091 2060 4187 ἢ
2099 4090 2290 4185 ὅρος,
2334 4090 2379 4185 ἢ
2416 4085 2671 4161 πολυό-

306 4224 528 4289 creor,
571 4205 640 4283 ἐξ
692 4201 921 4271 ὀστῶν
971 4199 1085 4268 καὶ
1123 4193 1391 4293 νεύρων
1442 4196 1915 4289 συγκείμενον.
2006 4196 2159 4280 Qua
2206 4193 2674 4287 explicatione

307 4301 499 4374 simul
552 4303 1063 4374 evidentissime
1107 4303 1476 4386 refutatur,
1515 4300 1710 4394 quod
1744 4298 2019 4369 Ahrens
2055 4297 2303 4383 voluit,
2341 4295 2671 4388 Aeschyli

307 4404 891 4483 πεδιοπλόκτυπος
955 4403 1347 4498 significare
1402 4405 1605 4499 pedis
1675 4404 1929 4497 ungula
1990 4402 2402 4497 pulsantem.
2500 4399 2670 4483 Quis

309 4509 484 4578 enim
528 4512 659 4580 vel.
697 4509 906 4580 homo
958 4510 1071 4579 vel
1125 4530 1346 4602 equus
1396 4529 1480 4577 ea
1525 4519 1721 4601 parte
1774 4505 2233 4601 pediS,·quae
2270 4506 2493 4577 solum
2529 4523 2670 4573 non

313 4612 594 4705 attingit,
636 4633 954 4705 campum
993 4613 1269 4706 pulset‘?
1342 4611 1479 4682 Sed
1518 4610 1784 4682 mittam
1825 4609 2024 4695 haec,
2065 4621 2159 4696 et,
2217 4608 2540 4701 quoniam
2581 4604 2672 4675 de
